% Generated by Paperpile. Check out https://paperpile.com for more information.
% BibTeX export options can be customized via Settings -> BibTeX.

@ARTICLE{Yu2005-ar,
  title    = "Recombinant severe acute respiratory syndrome ({SARS})
              coronavirus nucleocapsid protein forms a dimer through its
              C-terminal domain",
  author   = "Yu, I-Mei and Gustafson, Christin L T and Diao, Jianbo and
              Burgner, 2nd, John W and Li, Zhihong and Zhang, Jingqiang and
              Chen, Jue",
  journal  = "J. Biol. Chem.",
  volume   =  280,
  number   =  24,
  pages    = "23280-23286",
  month    =  jun,
  year     =  2005,
  language = "en"
}

@ARTICLE{Borgia2016-oq,
  title     = "Consistent view of polypeptide chain expansion in chemical
               denaturants from multiple experimental methods",
  author    = "Borgia, Alessandro and Zheng, Wenwei and Buholzer, Karin and
               Borgia, Madeleine B and Sch{\"u}ler, Anja and Hofmann, Hagen and
               Soranno, Andrea and Nettels, Daniel and Gast, Klaus and
               Grishaev, Alexander and {Others}",
  journal   = "J. Am. Chem. Soc.",
  publisher = "ACS Publications",
  volume    =  138,
  number    =  36,
  pages     = "11714-11726",
  year      =  2016
}

@ARTICLE{Roser2020-yb,
  title   = "Coronavirus Pandemic ({COVID-19})",
  author  = "Roser, Max and Ritchie, Hannah and Ortiz-Ospina, Esteban and
             Hasell, Joe",
  journal = "Our World in Data",
  year    =  2020
}

@ARTICLE{Weber2012-ga,
  title    = "Getting {RNA} and protein in phase",
  author   = "Weber, Stephanie C and Brangwynne, Clifford P",
  journal  = "Cell",
  volume   =  149,
  number   =  6,
  pages    = "1188-1191",
  month    =  jun,
  year     =  2012,
  language = "en"
}

@ARTICLE{Zimmerman2018-xg,
  title    = "Choice of Adaptive Sampling Strategy Impacts State Discovery,
              Transition Probabilities, and the Apparent Mechanism of
              Conformational Changes",
  author   = "Zimmerman, Maxwell I and Porter, Justin R and Sun, Xianqiang and
              Silva, Roseane R and Bowman, Gregory R",
  journal  = "J. Chem. Theory Comput.",
  volume   =  14,
  number   =  11,
  pages    = "5459-5475",
  month    =  nov,
  year     =  2018,
  language = "en"
}

@ARTICLE{Hsieh2005-sp,
  title    = "Assembly of severe acute respiratory syndrome coronavirus {RNA}
              packaging signal into virus-like particles is nucleocapsid
              dependent",
  author   = "Hsieh, Ping-Kun and Chang, Shin C and Huang, Chu-Chun and Lee,
              Ting-Ting and Hsiao, Ching-Wen and Kou, Yi-Hen and Chen, I-Yin
              and Chang, Chung-Ke and Huang, Tai-Huang and Chang, Ming-Fu",
  journal  = "J. Virol.",
  volume   =  79,
  number   =  22,
  pages    = "13848-13855",
  month    =  nov,
  year     =  2005,
  language = "en"
}

@ARTICLE{Pool2007-jj,
  title     = "Sampling the kinetic pathways of a micelle fusion and fission
               transition",
  author    = "Pool, Ren{\'e} and Bolhuis, Peter G",
  journal   = "J. Chem. Phys.",
  publisher = "aip.scitation.org",
  volume    =  126,
  number    =  24,
  pages     = "244703",
  month     =  jun,
  year      =  2007,
  language  = "en"
}

@ARTICLE{Li2012-dd,
  title    = "Phase transitions in the assembly of multivalent signalling
              proteins",
  author   = "Li, Pilong and Banjade, Sudeep and Cheng, Hui-Chun and Kim,
              Soyeon and Chen, Baoyu and Guo, Liang and Llaguno, Marc and
              Hollingsworth, Javoris V and King, David S and Banani, Salman F
              and Russo, Paul S and Jiang, Qiu-Xing and Nixon, B Tracy and
              Rosen, Michael K",
  journal  = "Nature",
  volume   =  483,
  number   =  7389,
  pages    = "336-340",
  month    =  mar,
  year     =  2012,
  keywords = "Actin-Related Protein 2-3 Complex/metabolism Adaptor Proteins,
              Signal Transducing/chemistry/metabolism Binding Sites
              Biopolymers/chemistry/metabolism Fluorescence Recovery After
              Photobleaching HeLa Cells Humans Ligands Membrane
              Proteins/chemistry/metabolism Multiprotein
              Complexes/*chemistry/*metabolism Oncogene
              Proteins/chemistry/metabolism *Phase Transition Phosphorylation
              Proline-Rich Protein Domains Protein Structure, Quaternary
              Proteins/*chemistry/*metabolism *Signal Transduction
              Wiskott-Aldrich Syndrome Protein, Neuronal/chemistry/metabolism
              src Homology Domains;fuckoff.txt;NICD\_.txt"
}

@ARTICLE{Haenni2013-xz,
  title     = "Intramolecular distances and dynamics from the combined photon
               statistics of single-molecule {FRET} and photoinduced electron
               transfer",
  author    = "Haenni, Dominik and Zosel, Franziska and Reymond, Luc and
               Nettels, Daniel and Schuler, Benjamin",
  journal   = "J. Phys. Chem. B",
  publisher = "ACS Publications",
  volume    =  117,
  number    =  42,
  pages     = "13015-13028",
  month     =  oct,
  year      =  2013,
  language  = "en"
}

@ARTICLE{Hoffmann2020-nt,
  title     = "{SARS-CoV-2} Cell Entry Depends on {ACE2} and {TMPRSS2} and Is
               Blocked by a Clinically Proven Protease Inhibitor",
  author    = "Hoffmann, Markus and Kleine-Weber, Hannah and Schroeder, Simon
               and Kr{\"u}ger, Nadine and Herrler, Tanja and Erichsen, Sandra
               and Schiergens, Tobias S and Herrler, Georg and Wu, Nai-Huei and
               Nitsche, Andreas and M{\"u}ller, Marcel A and Drosten, Christian
               and P{\"o}hlmann, Stefan",
  journal   = "Cell",
  publisher = "Elsevier",
  volume    =  181,
  number    =  2,
  pages     = "271-280.e8",
  month     =  apr,
  year      =  2020,
  keywords  = "ACE2; COVID-19; SARS-CoV-2; TMPRSS2; coronavirus; entry;
               neutralization; priming; spike",
  language  = "en"
}

@ARTICLE{Choi2019-wg,
  title    = "{LASSI}: A lattice model for simulating phase transitions of
              multivalent proteins",
  author   = "Choi, Jeong-Mo and Dar, Furqan and Pappu, Rohit V",
  journal  = "PLoS Comput. Biol.",
  volume   =  15,
  number   =  10,
  pages    = "e1007028",
  month    =  oct,
  year     =  2019,
  language = "en"
}

@UNPUBLISHED{Ma2020-kx,
  title    = "Unstructured {mRNAs} form multivalent {RNA-RNA} interactions to
              generate {TIS} granule networks",
  author   = "Ma, Weirui and Zhen, Gang and Xie, Wei and Mayr, Christine",
  journal  = "bioRxiv",
  pages    = "2020.02.14.949503",
  month    =  feb,
  year     =  2020,
  language = "en"
}

@ARTICLE{Langdon2018-wq,
  title    = "{mRNA} structure determines specificity of a polyQ-driven phase
              separation",
  author   = "Langdon, Erin M and Qiu, Yupeng and Ghanbari Niaki, Amirhossein
              and McLaughlin, Grace A and Weidmann, Chase A and Gerbich,
              Therese M and Smith, Jean A and Crutchley, John M and Termini,
              Christina M and Weeks, Kevin M and Myong, Sua and Gladfelter, Amy
              S",
  journal  = "Science",
  volume   =  360,
  number   =  6391,
  pages    = "922-927",
  month    =  may,
  year     =  2018,
  language = "en"
}

@ARTICLE{Yang2020-iq,
  title     = "{G3BP1} Is a Tunable Switch that Triggers Phase Separation to
               Assemble Stress Granules",
  author    = "Yang, Peiguo and Mathieu, C{\'e}cile and Kolaitis, Regina-Maria
               and Zhang, Peipei and Messing, James and Yurtsever, Ugur and
               Yang, Zemin and Wu, Jinjun and Li, Yuxin and Pan, Qingfei and
               Yu, Jiyang and Martin, Erik W and Mittag, Tanja and Kim, Hong
               Joo and Paul Taylor, J",
  journal   = "Cell",
  publisher = "Elsevier",
  volume    =  181,
  number    =  2,
  pages     = "325-345.e28",
  month     =  apr,
  year      =  2020,
  keywords  = "G3BP1; core stress granule network; biomolecular condensate;
               stress granule; multivalency; liquid-liquid phase separation;
               Intrinsically disordered protein; molecular switch; membraneless
               organelle; cooperativity",
  language  = "en"
}

@ARTICLE{Zhu2020-do,
  title    = "A Novel Coronavirus from Patients with Pneumonia in China, 2019",
  author   = "Zhu, Na and Zhang, Dingyu and Wang, Wenling and Li, Xingwang and
              Yang, Bo and Song, Jingdong and Zhao, Xiang and Huang, Baoying
              and Shi, Weifeng and Lu, Roujian and Niu, Peihua and Zhan, Faxian
              and Ma, Xuejun and Wang, Dayan and Xu, Wenbo and Wu, Guizhen and
              Gao, George F and Tan, Wenjie and {China Novel Coronavirus
              Investigating and Research Team}",
  journal  = "N. Engl. J. Med.",
  volume   =  382,
  number   =  8,
  pages    = "727-733",
  month    =  feb,
  year     =  2020,
  language = "en"
}

@ARTICLE{Zuniga2007-zc,
  title     = "Coronavirus nucleocapsid protein is an {RNA} chaperone",
  author    = "Z{\'u}{\~n}iga, Sonia and Sola, Isabel and Moreno, Jose L and
               Sabella, Patricia and Plana-Dur{\'a}n, Juan and Enjuanes, Luis",
  journal   = "Virology",
  publisher = "Elsevier",
  volume    =  357,
  number    =  2,
  pages     = "215-227",
  month     =  jan,
  year      =  2007,
  language  = "en"
}

@ARTICLE{Jorgensen1983-lj,
  title     = "Comparison of simple potential functions for simulating liquid
               water",
  author    = "Jorgensen, William L and Chandrasekhar, Jayaraman and Madura,
               Jeffry D and Impey, Roger W and Klein, Michael L",
  journal   = "J. Chem. Phys.",
  publisher = "AIP Publishing",
  volume    =  79,
  number    =  2,
  pages     = "926-935",
  month     =  jul,
  year      =  1983,
  keywords  = "main.txt;PAPER: Urea-GdmCl denaturation/Paper citations"
}

@ARTICLE{Wang2018-ki,
  title    = "A Molecular Grammar Governing the Driving Forces for Phase
              Separation of Prion-like {RNA} Binding Proteins",
  author   = "Wang, Jie and Choi, Jeong-Mo and Holehouse, Alex S and Lee, Hyun
              O and Zhang, Xiaojie and Jahnel, Marcus and Maharana, Shovamayee
              and Lemaitre, R{\'e}gis and Pozniakovsky, Andrei and Drechsel,
              David and Poser, Ina and Pappu, Rohit V and Alberti, Simon and
              Hyman, Anthony A",
  journal  = "Cell",
  volume   =  174,
  number   =  3,
  pages    = "688-699.e16",
  month    =  jul,
  year     =  2018,
  keywords = "FUS; PLD; cation-$\pi$; intrinsically disordered; low complexity;
              membraneless compartments; phase separation; prion-like;
              prion-like RNA binding proteins; saturation concentration",
  language = "en"
}

@ARTICLE{Bar-On2020-bx,
  title    = "{SARS-CoV-2} ({COVID-19}) by the numbers",
  author   = "Bar-On, Yinon M and Flamholz, Avi and Phillips, Rob and Milo, Ron",
  journal  = "Elife",
  volume   =  9,
  month    =  mar,
  year     =  2020,
  keywords = "epidemiology; global health; human; infectious disease;
              microbiology",
  language = "en"
}

@INCOLLECTION{Laude1995-bx,
  title     = "The Coronavirus Nucleocapsid Protein",
  booktitle = "The Coronaviridae",
  author    = "Laude, Hubert and Masters, Paul S",
  editor    = "Siddell, Stuart G",
  publisher = "Springer US",
  pages     = "141-163",
  year      =  1995,
  address   = "Boston, MA"
}

@ARTICLE{Braun2017-wi,
  title     = "{$\alpha$-Synuclein's} Uniquely Long Amphipathic Helix Enhances
               its Membrane Binding and Remodeling Capacity",
  author    = "Braun, Anthony R and Lacy, Michael M and Ducas, Vanessa C and
               Rhoades, Elizabeth and Sachs, Jonathan N",
  journal   = "J. Membr. Biol.",
  publisher = "Springer",
  volume    =  250,
  number    =  2,
  pages     = "183-193",
  month     =  apr,
  year      =  2017,
  keywords  = "Alpha-Synuclein; Membrane remodeling; Tubulation",
  language  = "en"
}

@ARTICLE{Zeng2020-cw,
  title    = "Biochemical characterization of {SARS-CoV-2} nucleocapsid protein",
  author   = "Zeng, Weihong and Liu, Guangfeng and Ma, Huan and Zhao, Dan and
              Yang, Yunru and Liu, Muziying and Mohammed, Ahmed and Zhao,
              Changcheng and Yang, Yun and Xie, Jiajia and Ding, Chengchao and
              Ma, Xiaoling and Weng, Jianping and Gao, Yong and He, Hongliang
              and Jin, Tengchuan",
  journal  = "Biochem. Biophys. Res. Commun.",
  volume   =  527,
  number   =  3,
  pages    = "618-623",
  month    =  jun,
  year     =  2020,
  keywords = "Antigenicity; COVID-19; Nucleocapsid protein; SARS-CoV-2; SAXS;
              Structure and function",
  language = "en"
}

@ARTICLE{Zosel2017-ao,
  title    = "Combining short- and long-range fluorescence reporters with
              simulations to explore the intramolecular dynamics of an
              intrinsically disordered protein",
  author   = "Zosel, Franziska and Haenni, Dominik and Soranno, Andrea and
              Nettels, Daniel and Schuler, Benjamin",
  journal  = "J. Chem. Phys.",
  volume   =  147,
  number   =  15,
  pages    = "152708",
  month    =  oct,
  year     =  2017,
  language = "en"
}

@ARTICLE{Banerjee2017-jv,
  title    = "Reentrant Phase Transition Drives Dynamic Substructure Formation
              in Ribonucleoprotein Droplets",
  author   = "Banerjee, Priya R and Milin, Anthony N and Moosa, Mahdi Muhammad
              and Onuchic, Paulo L and Deniz, Ashok A",
  journal  = "Angew. Chem. Int. Ed Engl.",
  volume   =  56,
  number   =  38,
  pages    = "11354-11359",
  month    =  sep,
  year     =  2017,
  keywords = "electrostatic interactions; intrinsically disordered proteins;
              membrane-less organelles; phase transitions; vacuolated
              coacervates",
  language = "en"
}

@ARTICLE{Dimura2016-kt,
  title     = "Quantitative {FRET} studies and integrative modeling unravel the
               structure and dynamics of biomolecular systems",
  author    = "Dimura, Mykola and Peulen, Thomas O and Hanke, Christian A and
               Prakash, Aiswaria and Gohlke, Holger and Seidel, Claus Am",
  journal   = "Curr. Opin. Struct. Biol.",
  publisher = "Elsevier",
  volume    =  40,
  pages     = "163-185",
  month     =  oct,
  year      =  2016,
  language  = "en"
}

@ARTICLE{Zhou2019-uv,
  title     = "Measles Virus Forms Inclusion Bodies with Properties of Liquid
               Organelles",
  author    = "Zhou, Yuqin and Su, Justin M and Samuel, Charles E and Ma,
               Dzwokai",
  journal   = "J. Virol.",
  publisher = "Am Soc Microbiol",
  volume    =  93,
  number    =  21,
  month     =  nov,
  year      =  2019,
  keywords  = "WD repeat-containing protein WDR5; inclusion body; innate
               immunity; liquid-liquid phase separation; measles virus",
  language  = "en"
}

% The entry below contains non-ASCII chars that could not be converted
% to a LaTeX equivalent.
@ARTICLE{Metrick2020-na,
  title    = "Conserved Outer Tegument Component {UL11} from Herpes Simplex
              Virus 1 Is an Intrinsically Disordered, {RNA-Binding} Protein",
  author   = "Metrick, Claire M and Koenigsberg, Andrea L and Heldwein,
              Ekaterina E",
  journal  = "MBio",
  volume   =  11,
  number   =  3,
  month    =  may,
  year     =  2020,
  keywords = "RNA-binding protein; biomolecular condensate; conformational
              flexibility; herpesvirus; intrinsically disordered protein (IDP);
              liquid-liquid phase separation (LLPS); small‐angle X‐ray
              scattering (SAXS); structural model; tegument; viral assembly;
              viral protein",
  language = "en"
}

@ARTICLE{Walls2020-of,
  title     = "Structure, Function, and Antigenicity of the {SARS-CoV-2} Spike
               Glycoprotein",
  author    = "Walls, Alexandra C and Park, Young-Jun and Tortorici, M
               Alejandra and Wall, Abigail and McGuire, Andrew T and Veesler,
               David",
  journal   = "Cell",
  publisher = "Elsevier",
  volume    =  181,
  number    =  2,
  pages     = "281-292.e6",
  month     =  apr,
  year      =  2020,
  keywords  = "SARS-CoV; SARS-CoV-2; antibodies; coronavirus; cryo-EM;
               neutralizing antibodies; spike glycoprotein; viral receptor",
  language  = "en"
}

% The entry below contains non-ASCII chars that could not be converted
% to a LaTeX equivalent.
@ARTICLE{Stockmayer1950-ad,
  title     = "Light Scattering in {Multi‐Component} Systems",
  author    = "Stockmayer, W H",
  journal   = "J. Chem. Phys.",
  publisher = "American Institute of Physics",
  volume    =  18,
  number    =  1,
  pages     = "58-61",
  month     =  jan,
  year      =  1950
}

@ARTICLE{Borgia2012-tz,
  title    = "Localizing internal friction along the reaction coordinate of
              protein folding by combining ensemble and single-molecule
              fluorescence spectroscopy",
  author   = "Borgia, Alessandro and Wensley, Beth G and Soranno, Andrea and
              Nettels, Daniel and Borgia, Madeleine B and Hoffmann, Armin and
              Pfeil, Shawn H and Lipman, Everett A and Clarke, Jane and
              Schuler, Benjamin",
  journal  = "Nat. Commun.",
  volume   =  3,
  pages    = "1195",
  year     =  2012,
  language = "en"
}

@ARTICLE{Schellman1987-tp,
  title     = "Selective binding and solvent denaturation",
  author    = "Schellman, J A",
  journal   = "Biopolymers",
  publisher = "Wiley Online Library",
  volume    =  26,
  number    =  4,
  pages     = "549-559",
  month     =  apr,
  year      =  1987,
  language  = "en"
}

@ARTICLE{Jayaram2006-rd,
  title    = "X-ray structures of the {N-} and C-terminal domains of a
              coronavirus nucleocapsid protein: implications for nucleocapsid
              formation",
  author   = "Jayaram, Hariharan and Fan, Hui and Bowman, Brian R and Ooi, Amy
              and Jayaram, Jyothi and Collisson, Ellen W and Lescar, Julien and
              Prasad, B V Venkataram",
  journal  = "J. Virol.",
  volume   =  80,
  number   =  13,
  pages    = "6612-6620",
  month    =  jul,
  year     =  2006,
  language = "en"
}

@ARTICLE{Holehouse2020-rl,
  title    = "Controlling Structural Bias in Intrinsically Disordered Proteins
              Using Solution Space Scanning",
  author   = "Holehouse, Alex S and Sukenik, Shahar",
  journal  = "J. Chem. Theory Comput.",
  volume   =  16,
  number   =  3,
  pages    = "1794-1805",
  month    =  mar,
  year     =  2020,
  language = "en"
}

@ARTICLE{Narayanan2003-vc,
  title     = "Characterization of {N} protein self-association in coronavirus
               ribonucleoprotein complexes",
  author    = "Narayanan, Krishna and Kim, Kyongmin Hwang and Makino, Shinji",
  journal   = "Virus Res.",
  publisher = "Elsevier",
  volume    =  98,
  number    =  2,
  pages     = "131-140",
  month     =  dec,
  year      =  2003,
  language  = "en"
}

@ARTICLE{Duan2003-wt,
  title    = "A point-charge force field for molecular mechanics simulations of
              proteins based on condensed-phase quantum mechanical calculations",
  author   = "Duan, Yong and Wu, Chun and Chowdhury, Shibasish and Lee, Mathew
              C and Xiong, Guoming and Zhang, Wei and Yang, Rong and Cieplak,
              Piotr and Luo, Ray and Lee, Taisung and Caldwell, James and Wang,
              Junmei and Kollman, Peter",
  journal  = "J. Comput. Chem.",
  volume   =  24,
  number   =  16,
  pages    = "1999-2012",
  month    =  dec,
  year     =  2003,
  language = "en"
}

@ARTICLE{Newcombe2018-um,
  title    = "Tadpole-like Conformations of Huntingtin Exon 1 Are Characterized
              by Conformational Heterogeneity that Persists regardless of
              Polyglutamine Length",
  author   = "Newcombe, Estella A and Ruff, Kiersten M and Sethi, Ashish and
              Ormsby, Angelique R and Ramdzan, Yasmin M and Fox, Archa and
              Purcell, Anthony W and Gooley, Paul R and Pappu, Rohit V and
              Hatters, Danny M",
  journal  = "J. Mol. Biol.",
  volume   =  430,
  number   =  10,
  pages    = "1442-1458",
  month    =  may,
  year     =  2018,
  keywords = "Huntington's disease; NMR spectroscopy; hydrogen--deuterium
              exchange; molecular simulations",
  language = "en"
}

@ARTICLE{Wei2017-bs,
  title     = "Phase behaviour of disordered proteins underlying low density
               and high permeability of liquid organelles",
  author    = "Wei, Ming-Tzo and Elbaum-Garfinkle, Shana and Holehouse, Alex S
               and Chen, Carlos Chih-Hsiung and Feric, Marina and Arnold, Craig
               B and Priestley, Rodney D and Pappu, Rohit V and Brangwynne,
               Clifford P",
  journal   = "Nat. Chem.",
  publisher = "Nature Publishing Group",
  volume    =  9,
  number    =  11,
  pages     = "1118-1125",
  month     =  nov,
  year      =  2017,
  language  = "en"
}

@ARTICLE{Fichthorn1991-wl,
  title     = "Theoretical foundations of dynamical Monte Carlo simulations",
  author    = "Fichthorn, Kristen A and Weinberg, W H",
  journal   = "J. Chem. Phys.",
  publisher = "American Institute of Physics",
  volume    =  95,
  number    =  2,
  pages     = "1090-1096",
  month     =  jul,
  year      =  1991
}

@ARTICLE{Cui2015-bu,
  title     = "The Nucleocapsid Protein of Coronaviruses Acts as a Viral
               Suppressor of {RNA} Silencing in Mammalian Cells",
  author    = "Cui, Lei and Wang, Haiying and Ji, Yanxi and Yang, Jie and Xu,
               Shan and Huang, Xingyu and Wang, Zidao and Qin, Lei and Tien, Po
               and Zhou, Xi and Guo, Deyin and Chen, Yu",
  journal   = "J. Virol.",
  publisher = "Am Soc Microbiol",
  volume    =  89,
  number    =  17,
  pages     = "9029-9043",
  month     =  sep,
  year      =  2015,
  language  = "en"
}

@UNPUBLISHED{Bergeron-Sandoval2018-oo,
  title    = "Endocytosis caused by liquid-liquid phase separation of proteins",
  author   = "Bergeron-Sandoval, Louis-Philippe and Heris, Hossein Khadivi and
              Chang, Catherine and Cornell, Caitlin E and Keller, Sarah L and
              Fran{\c c}ois, Paul and Hendricks, Adam G and Ehrlicher, Allen J
              and Pappu, Rohit V and Michnick, Stephen W",
  journal  = "bioRxiv",
  pages    = "145664",
  month    =  dec,
  year     =  2018,
  language = "en"
}

@ARTICLE{Post1979-lv,
  title     = "Internal condensation of a single {DNA} molecule",
  author    = "Post, Carol Beth and Zimm, Bruno H",
  journal   = "Biopolymers",
  publisher = "Wiley Subscription Services, Inc., A Wiley Company",
  volume    =  18,
  number    =  6,
  pages     = "1487-1501",
  month     =  jun,
  year      =  1979
}

@ARTICLE{Bussi2007-ar,
  title    = "Canonical sampling through velocity rescaling",
  author   = "Bussi, Giovanni and Donadio, Davide and Parrinello, Michele",
  journal  = "J. Chem. Phys.",
  volume   =  126,
  number   =  1,
  pages    = "014101",
  month    =  jan,
  year     =  2007,
  keywords = "PAPER: Urea-GdmCl denaturation/Paper citations"
}

@ARTICLE{Zimmerman2017-wn,
  title    = "Prediction of New Stabilizing Mutations Based on Mechanistic
              Insights from Markov State Models",
  author   = "Zimmerman, Maxwell I and Hart, Kathryn M and Sibbald, Carrie A
              and Frederick, Thomas E and Jimah, John R and Knoverek, Catherine
              R and Tolia, Niraj H and Bowman, Gregory R",
  journal  = "ACS Cent Sci",
  volume   =  3,
  number   =  12,
  pages    = "1311-1321",
  month    =  dec,
  year     =  2017,
  language = "en"
}

@ARTICLE{Luo2006-et,
  title    = "Carboxyl terminus of severe acute respiratory syndrome
              coronavirus nucleocapsid protein: self-association analysis and
              nucleic acid binding characterization",
  author   = "Luo, Haibin and Chen, Jing and Chen, Kaixian and Shen, Xu and
              Jiang, Hualiang",
  journal  = "Biochemistry",
  volume   =  45,
  number   =  39,
  pages    = "11827-11835",
  month    =  oct,
  year     =  2006,
  language = "en"
}

@ARTICLE{He2004-xy,
  title    = "Analysis of multimerization of the {SARS} coronavirus
              nucleocapsid protein",
  author   = "He, Runtao and Dobie, Frederick and Ballantine, Melissa and
              Leeson, Andrew and Li, Yan and Bastien, Nathalie and Cutts, Todd
              and Andonov, Anton and Cao, Jingxin and Booth, Timothy F and
              Plummer, Frank A and Tyler, Shaun and Baker, Lindsay and Li,
              Xuguang",
  journal  = "Biochem. Biophys. Res. Commun.",
  volume   =  316,
  number   =  2,
  pages    = "476-483",
  month    =  apr,
  year     =  2004,
  language = "en"
}

@ARTICLE{Verma2006-cw,
  title     = "Identification of functionally important negatively charged
               residues in the carboxy end of mouse hepatitis coronavirus {A59}
               nucleocapsid protein",
  author    = "Verma, Sandhya and Bednar, Valerie and Blount, Andrew and Hogue,
               Brenda G",
  journal   = "J. Virol.",
  publisher = "Am Soc Microbiol",
  volume    =  80,
  number    =  9,
  pages     = "4344-4355",
  month     =  may,
  year      =  2006,
  language  = "en"
}

@ARTICLE{Aznauryan2016-bp,
  title    = "Comprehensive structural and dynamical view of an unfolded
              protein from the combination of single-molecule {FRET}, {NMR},
              and {SAXS}",
  author   = "Aznauryan, Mikayel and Delgado, Leonildo and Soranno, Andrea and
              Nettels, Daniel and Huang, Jie-Rong and Labhardt, Alexander M and
              Grzesiek, Stephan and Schuler, Benjamin",
  journal  = "Proc. Natl. Acad. Sci. U. S. A.",
  volume   =  113,
  number   =  37,
  pages    = "E5389-98",
  month    =  sep,
  year     =  2016,
  keywords = "F{\"o}rster resonance energy transfer; nuclear magnetic
              resonance; protein folding; small-angle X-ray scattering;
              unfolded protein ensemble;NTL9\_main.txt",
  language = "en"
}

@ARTICLE{Crick2013-gm,
  title    = "Unmasking the roles of {N-} and C-terminal flanking sequences
              from exon 1 of huntingtin as modulators of polyglutamine
              aggregation",
  author   = "Crick, Scott L and Ruff, Kiersten M and Garai, Kanchan and
              Frieden, Carl and Pappu, Rohit V",
  journal  = "Proc. Natl. Acad. Sci. U. S. A.",
  volume   =  110,
  number   =  50,
  pages    = "20075-20080",
  month    =  dec,
  year     =  2013,
  keywords = "phase separation; subsaturation; supersaturation; tetramethyl
              rhodamine;main.txt;Pappulab;Thesis proposal/Amyloid;Thesis
              proposal/ALL",
  language = "en"
}

@ARTICLE{Van_Hemert2008-cj,
  title    = "{SARS-coronavirus} replication/transcription complexes are
              membrane-protected and need a host factor for activity in vitro",
  author   = "van Hemert, Martijn J and van den Worm, Sjoerd H E and Knoops,
              K{\`e}vin and Mommaas, A Mieke and Gorbalenya, Alexander E and
              Snijder, Eric J",
  journal  = "PLoS Pathog.",
  volume   =  4,
  number   =  5,
  pages    = "e1000054",
  month    =  may,
  year     =  2008,
  language = "en"
}

@ARTICLE{Borodavka2013-xr,
  title     = "A two-stage mechanism of viral {RNA} compaction revealed by
               single molecule fluorescence",
  author    = "Borodavka, Alexander and Tuma, Roman and Stockley, Peter G",
  journal   = "RNA Biol.",
  publisher = "Taylor \& Francis",
  volume    =  10,
  number    =  4,
  pages     = "481-489",
  month     =  apr,
  year      =  2013,
  keywords  = "RNA folding; single molecule fluorescence; viral genomes",
  language  = "en"
}

@INCOLLECTION{Posey2018-dv,
  title     = "Chapter One - Phase Separation of Intrinsically Disordered
               Proteins",
  booktitle = "Methods in Enzymology",
  author    = "Posey, Ammon E and Holehouse, Alex S and Pappu, Rohit V",
  editor    = "Rhoades, Elizabeth",
  publisher = "Academic Press",
  volume    =  611,
  pages     = "1-30",
  month     =  jan,
  year      =  2018,
  keywords  = "Intrinsically disordered proteins; Binodal; Coexistence curve;
               Phase separation; Multivalency"
}

@ARTICLE{Van_der_Lee2014-vc,
  title    = "Classification of intrinsically disordered regions and proteins",
  author   = "van der Lee, Robin and Buljan, Marija and Lang, Benjamin and
              Weatheritt, Robert J and Daughdrill, Gary W and Dunker, A Keith
              and Fuxreiter, Monika and Gough, Julian and Gsponer, Joerg and
              Jones, David T and Kim, Philip M and Kriwacki, Richard W and
              Oldfield, Christopher J and Pappu, Rohit V and Tompa, Peter and
              Uversky, Vladimir N and Wright, Peter E and Babu, M Madan",
  journal  = "Chem. Rev.",
  volume   =  114,
  number   =  13,
  pages    = "6589-6631",
  month    =  jul,
  year     =  2014,
  keywords = "Animals Humans Intrinsically Disordered
              Proteins/chemistry/*classification/physiology;Main\_library.txt;NICD\_.txt;IDPs/Reviews",
  language = "en"
}

@ARTICLE{Dignon2018-jf,
  title    = "Relation between single-molecule properties and phase behavior of
              intrinsically disordered proteins",
  author   = "Dignon, Gregory L and Zheng, Wenwei and Best, Robert B and Kim,
              Young C and Mittal, Jeetain",
  journal  = "Proc. Natl. Acad. Sci. U. S. A.",
  volume   =  115,
  number   =  40,
  pages    = "9929-9934",
  month    =  oct,
  year     =  2018,
  keywords = "intrinsically disordered proteins; liquid--liquid phase
              separation; membraneless organelles",
  language = "en"
}

@ARTICLE{Robbins1986-lh,
  title     = "{RNA-binding} proteins of coronavirus {MHV}: detection of
               monomeric and multimeric {N} protein with an {RNA}
               overlay-protein blot assay",
  author    = "Robbins, S G and Frana, M F and McGowan, J J and Boyle, J F and
               Holmes, K V",
  journal   = "Virology",
  publisher = "cloudflare-ipfs.com",
  volume    =  150,
  number    =  2,
  pages     = "402-410",
  month     =  apr,
  year      =  1986,
  language  = "en"
}

@ARTICLE{Choi2020-nv,
  title    = "Physical Principles Underlying the Complex Biology of
              Intracellular Phase Transitions",
  author   = "Choi, Jeong-Mo and Holehouse, Alex S and Pappu, Rohit V",
  journal  = "Annu. Rev. Biophys.",
  volume   =  49,
  pages    = "107-133",
  month    =  may,
  year     =  2020,
  keywords = "biomolecular condensates; phase separation; phase transition;
              stickers and spacers",
  language = "en"
}

@ARTICLE{He2004-xw,
  title     = "Characterization of protein--protein interactions between the
               nucleocapsid protein and membrane protein of the {SARS}
               coronavirus",
  author    = "He, Runtao and Leeson, Andrew and Ballantine, Melissa and
               Andonov, Anton and Baker, Lindsay and Dobie, Frederick and Li,
               Yan and Bastien, Nathalie and Feldmann, Heinz and Strocher, Ute
               and Theriault, Steven and Cutts, Todd and Cao, Jingxin and
               Booth, Timothy F and Plummer, Frank A and Tyler, Shaun and Li,
               Xuguang",
  journal   = "Virus Res.",
  publisher = "Elsevier",
  volume    =  105,
  number    =  2,
  pages     = "121-125",
  month     =  oct,
  year      =  2004,
  keywords  = "Protein--protein interaction; Nucleocapsid protein; Membrane
               protein"
}

@ARTICLE{Bayer2005-tp,
  title    = "Arginine-rich motifs present multiple interfaces for specific
              binding by {RNA}",
  author   = "Bayer, Travis S and Booth, Lauren N and Knudsen, Scott M and
              Ellington, Andrew D",
  journal  = "RNA",
  volume   =  11,
  number   =  12,
  pages    = "1848-1857",
  month    =  dec,
  year     =  2005,
  language = "en"
}

% The entry below contains non-ASCII chars that could not be converted
% to a LaTeX equivalent.
@ARTICLE{Ma2018-ad,
  title    = "A Membraneless Organelle Associated with the Endoplasmic
              Reticulum Enables {3'UTR-Mediated} {Protein-Protein} Interactions",
  author   = "Ma, Weirui and Mayr, Christine",
  journal  = "Cell",
  volume   =  175,
  number   =  6,
  pages    = "1492-1506.e19",
  month    =  nov,
  year     =  2018,
  keywords = "AU-rich elements; RNA granule; RNA-binding proteins; ZFP36L1;
              alternative 3′UTRs; collective properties; compartmentalization;
              membraneless organelle; subcellular organization; subdomain of
              the endoplasmic reticulum",
  language = "en"
}

@ARTICLE{Monette2020-do,
  title    = "Pan-retroviral {Nucleocapsid-Mediated} Phase Separation Regulates
              Genomic {RNA} Positioning and Trafficking",
  author   = "Monette, Anne and Niu, Meijuan and Chen, Lois and Rao, Shringar
              and Gorelick, Robert James and Mouland, Andrew John",
  journal  = "Cell Rep.",
  volume   =  31,
  number   =  3,
  pages    = "107520",
  month    =  apr,
  year     =  2020,
  keywords = "Gag; HIV-1; intrinsically disordered domain; liquid-liquid phase
              separation; membraneless organelle; nucleocapsid; retrovirus;
              stress granule; viral genomic RNA trafficking; zinc",
  language = "en"
}

@ARTICLE{Saric2016-le,
  title     = "Physical determinants of the self-replication of protein fibrils",
  author    = "{\v S}ari{\'c}, An{\dj}ela and Buell, Alexander K and Meisl,
               Georg and Michaels, Thomas C T and Dobson, Christopher M and
               Linse, Sara and Knowles, Tuomas P J and Frenkel, Daan",
  journal   = "Nat. Phys.",
  publisher = "Nature Research",
  volume    =  12,
  number    =  9,
  pages     = "874-880",
  month     =  jul,
  year      =  2016,
  language  = "en"
}

@ARTICLE{Stockley2013-vg,
  title     = "Packaging signals in single-stranded {RNA} viruses: nature's
               alternative to a purely electrostatic assembly mechanism",
  author    = "Stockley, Peter G and Twarock, Reidun and Bakker, Saskia E and
               Barker, Amy M and Borodavka, Alexander and Dykeman, Eric and
               Ford, Robert J and Pearson, Arwen R and Phillips, Simon E V and
               Ranson, Neil A and Tuma, Roman",
  journal   = "J. Biol. Phys.",
  publisher = "Springer",
  volume    =  39,
  number    =  2,
  pages     = "277-287",
  month     =  mar,
  year      =  2013,
  keywords  = "Assembly models; Fluorescence spectroscopy; Packaging signals;
               RNA--protein interactions; Virus assembly mechanism",
  language  = "en"
}

@ARTICLE{Verheije2010-se,
  title    = "The coronavirus nucleocapsid protein is dynamically associated
              with the replication-transcription complexes",
  author   = "Verheije, Monique H and Hagemeijer, Marne C and Ulasli, Mustafa
              and Reggiori, Fulvio and Rottier, Peter J M and Masters, Paul S
              and de Haan, Cornelis A M",
  journal  = "J. Virol.",
  volume   =  84,
  number   =  21,
  pages    = "11575-11579",
  month    =  nov,
  year     =  2010,
  language = "en"
}

@ARTICLE{Rodriguez2004-dx,
  title     = "Human respiratory syncytial virus matrix protein is an
               {RNA-binding} protein: binding properties, location and identity
               of the {RNA} contact residues",
  author    = "Rodr{\'\i}guez, Lorena and Cuesta, Isabel and Asenjo, Ana and
               Villanueva, Nieves",
  journal   = "J. Gen. Virol.",
  publisher = "microbiologyresearch.org",
  volume    =  85,
  number    = "Pt 3",
  pages     = "709-719",
  month     =  mar,
  year      =  2004,
  language  = "en"
}

@ARTICLE{Martin2020-yc,
  title     = "Valence and patterning of aromatic residues determine the phase
               behavior of prion-like domains",
  author    = "Martin, Erik W and Holehouse, Alex S and Peran, Ivan and Farag,
               Mina and Incicco, J Jeremias and Bremer, Anne and Grace, Christy
               R and Soranno, Andrea and Pappu, Rohit V and Mittag, Tanja",
  journal   = "Science",
  publisher = "American Association for the Advancement of Science",
  volume    =  367,
  number    =  6478,
  pages     = "694-699",
  month     =  feb,
  year      =  2020,
  language  = "en"
}

@ARTICLE{Shang2020-er,
  title     = "Structural basis of receptor recognition by {SARS-CoV-2}",
  author    = "Shang, Jian and Ye, Gang and Shi, Ke and Wan, Yushun and Luo,
               Chuming and Aihara, Hideki and Geng, Qibin and Auerbach, Ashley
               and Li, Fang",
  journal   = "Nature",
  publisher = "nature.com",
  volume    =  581,
  number    =  7807,
  pages     = "221-224",
  month     =  may,
  year      =  2020,
  language  = "en"
}

@ARTICLE{Surjit2005-qa,
  title     = "The severe acute respiratory syndrome coronavirus nucleocapsid
               protein is phosphorylated and localizes in the cytoplasm by
               14-3-3-mediated translocation",
  author    = "Surjit, Milan and Kumar, Ravinder and Mishra, Rabi N and Reddy,
               Malireddy K and Chow, Vincent T K and Lal, Sunil K",
  journal   = "J. Virol.",
  publisher = "Am Soc Microbiol",
  volume    =  79,
  number    =  17,
  pages     = "11476-11486",
  month     =  sep,
  year      =  2005,
  language  = "en"
}

@ARTICLE{Chang2009-vd,
  title     = "Multiple nucleic acid binding sites and intrinsic disorder of
               severe acute respiratory syndrome coronavirus nucleocapsid
               protein: implications for ribonucleocapsid protein packaging",
  author    = "Chang, Chung-Ke and Hsu, Yen-Lan and Chang, Yuan-Hsiang and
               Chao, Fa-An and Wu, Ming-Chya and Huang, Yu-Shan and Hu,
               Chin-Kun and Huang, Tai-Huang",
  journal   = "J. Virol.",
  publisher = "Am Soc Microbiol",
  volume    =  83,
  number    =  5,
  pages     = "2255-2264",
  month     =  mar,
  year      =  2009,
  language  = "en"
}

@ARTICLE{Takeda2008-wl,
  title     = "Solution structure of the c-terminal dimerization domain of
               {SARS} coronavirus nucleocapsid protein solved by the {SAIL-NMR}
               method",
  author    = "Takeda, Mitsuhiro and Chang, Chung-Ke and Ikeya, Teppei and
               G{\"u}ntert, Peter and Chang, Yuan-Hsiang and Hsu, Yen-Lan and
               Huang, Tai-Huang and Kainosho, Masatsune",
  journal   = "J. Mol. Biol.",
  publisher = "Elsevier",
  volume    =  380,
  number    =  4,
  pages     = "608-622",
  month     =  jul,
  year      =  2008,
  language  = "en"
}

@ARTICLE{Fosmire1992-iu,
  title     = "Identification and characterization of a coronavirus packaging
               signal",
  author    = "Fosmire, J A and Hwang, K and Makino, S",
  journal   = "J. Virol.",
  publisher = "Am Soc Microbiol",
  volume    =  66,
  number    =  6,
  pages     = "3522-3530",
  month     =  jun,
  year      =  1992,
  language  = "en"
}

@ARTICLE{Guillen-Boixet2020-sn,
  title     = "{RNA-Induced} Conformational Switching and Clustering of {G3BP}
               Drive Stress Granule Assembly by Condensation",
  author    = "Guill{\'e}n-Boixet, Jordina and Kopach, Andrii and Holehouse,
               Alex S and Wittmann, Sina and Jahnel, Marcus and
               Schl{\"u}{\ss}ler, Raimund and Kim, Kyoohyun and {Irmela R E}
               and Wang, Jie and Mateju, Daniel and Poser, Ina and Maharana,
               Shovamayee and Ruer-Gru{\ss}, Martine and Richter, Doris and
               Zhang, Xiaojie and Chang, Young-Tae and Guck, Jochen and
               Honigmann, Alf and Mahamid, Julia and Hyman, Anthony A and
               Pappu, Rohit V and Alberti, Simon and Franzmann, Titus M",
  journal   = "Cell",
  publisher = "Elsevier",
  volume    =  181,
  number    =  2,
  pages     = "346-361.e17",
  month     =  apr,
  year      =  2020,
  keywords  = "stress granules; RNP granules; G3BP; phase separation;
               liquid-to-solid transition; Neurodegenerative disease; stress
               response",
  language  = "en"
}

@ARTICLE{Denkova2010-ax,
  title     = "Non-equilibrium dynamics of block copolymer micelles in
               solution: recent insights and open questions",
  author    = "Denkova, Antonia G and Mendes, Eduardo and Coppens, Marc-Olivier",
  journal   = "Soft Matter",
  publisher = "Royal Society of Chemistry",
  volume    =  6,
  number    =  11,
  pages     = "2351-2357",
  year      =  2010,
  language  = "en"
}

@ARTICLE{Mittal_undated-jn,
  title   = "{ABSINTH} implicit solvation model and force field paradigm for
             use in simulations of intrinsically disordered proteins",
  author  = "Mittal, A and Das, R K and Vitalis, A and Pappu, R V",
  journal = "content.taylorfrancis.com"
}

@ARTICLE{Holehouse2015-rg,
  title    = "Quantitative assessments of the distinct contributions of
              polypeptide backbone amides versus side chain groups to chain
              expansion via chemical denaturation",
  author   = "Holehouse, Alex S and Garai, Kanchan and Lyle, Nicholas and
              Vitalis, Andreas and Pappu, Rohit V",
  journal  = "J. Am. Chem. Soc.",
  volume   =  137,
  number   =  8,
  pages    = "2984-2995",
  month    =  mar,
  year     =  2015,
  keywords = "Amides/*chemistry Amino Acid Sequence Dose-Response Relationship,
              Drug Guanidine/pharmacology Hydrophobic and Hydrophilic
              Interactions Molecular Dynamics Simulation Molecular Sequence
              Data Peptides/*chemistry Protein Denaturation/*drug effects
              Protein Structure, Secondary Urea/pharmacology
              Water/chemistry;supple.txt;NTL9\_main.txt;Main\_library.txt",
  language = "en"
}

@ARTICLE{Battiste1996-pc,
  title    = "Alpha {helix-RNA} major groove recognition in an {HIV-1} rev
              {peptide-RRE} {RNA} complex",
  author   = "Battiste, J L and Mao, H and Rao, N S and Tan, R and Muhandiram,
              D R and Kay, L E and Frankel, A D and Williamson, J R",
  journal  = "Science",
  volume   =  273,
  number   =  5281,
  pages    = "1547-1551",
  month    =  sep,
  year     =  1996,
  language = "en"
}

@ARTICLE{Schuler2016-wh,
  title    = "{Single-Molecule} {FRET} Spectroscopy and the Polymer Physics of
              Unfolded and Intrinsically Disordered Proteins",
  author   = "Schuler, Benjamin and Soranno, Andrea and Hofmann, Hagen and
              Nettels, Daniel",
  journal  = "Annu. Rev. Biophys.",
  volume   =  45,
  pages    = "207-231",
  month    =  jul,
  year     =  2016,
  keywords = "FRET; F{\"o}rster resonance energy transfer; correlation
              spectroscopy; internal friction; protein dynamics; protein
              folding; single-molecule fluorescence",
  language = "en"
}

@INCOLLECTION{Mittal2015-sl,
  title     = "The {ABSINTH} implicit solvation model and forcefield paradigm
               for use in simulations of intrinsically disordered proteins",
  booktitle = "Computational Approaches to Protein Dynamics: From Quantum to
               {Coarse-Grained} Methods",
  author    = "Mittal, Anuradha and Das, Rahul K and Vitalis, Andreas and
               Pappu, Rohit V",
  editor    = "Fuxreiter, Monika",
  publisher = "CRC Press",
  pages     = "188-222",
  year      =  2015,
  keywords  = "Computational Biophysics/Methods/Implicit Solvent"
}

@ARTICLE{Mittal2018-hv,
  title    = "{Sequence-to-Conformation} Relationships of Disordered Regions
              Tethered to Folded Domains of Proteins",
  author   = "Mittal, Anuradha and Holehouse, Alex S and Cohan, Megan C and
              Pappu, Rohit V",
  journal  = "J. Mol. Biol.",
  volume   =  430,
  number   =  16,
  pages    = "2403-2421",
  month    =  aug,
  year     =  2018,
  keywords = "folded domains; intrinsically disordered proteins; intrinsically
              disordered regions; sequence-to-conformation relationships",
  language = "en"
}

@ARTICLE{Vitalis2009-gh,
  title    = "{ABSINTH}: A new continuum solvation model for simulations of
              polypeptides in aqueous solutions",
  author   = "Vitalis, Andreas and Pappu, Rohit V",
  journal  = "J. Comput. Chem.",
  volume   =  30,
  number   =  5,
  pages    = "673-699",
  month    =  apr,
  year     =  2009,
  keywords = "Computer Simulation *Models, Chemical Monte Carlo Method Nuclear
              Magnetic Resonance, Biomolecular Peptides/*chemistry Protein
              Conformation Protein Folding
              Solutions;SI\_please.txt;main.txt;Main\_library.txt;NICD\_.txt;Pappulab;Thesis
              proposal/METHODS;Thesis proposal/ALL;fuckoff.txt"
}

@ARTICLE{Dao2018-uk,
  title     = "Ubiquitin Modulates {Liquid-Liquid} Phase Separation of {UBQLN2}
               via Disruption of Multivalent Interactions",
  author    = "Dao, Thuy P and Kolaitis, Regina-Maria and Kim, Hong Joo and
               O'Donovan, Kevin and Martyniak, Brian and Colicino, Erica and
               Hehnly, Heidi and Taylor, J Paul and Casta{\~n}eda, Carlos A",
  journal   = "Mol. Cell",
  publisher = "Elsevier",
  volume    =  69,
  number    =  6,
  pages     = "965-978.e6",
  month     =  mar,
  year      =  2018,
  keywords  = "LLPS; NMR spectroscopy; Ubiquilin-2; amyotrophic lateral
               sclerosis; ligand-induced phase transition; liquid-liquid phase
               separation; multivalent interactions; protein quality control;
               stress granules; ubiquitin",
  language  = "en"
}

@UNPUBLISHED{Savastano2020-zf,
  title    = "Nucleocapsid protein of {SARS-CoV-2} phase separates into
              {RNA-rich} polymerase-containing condensates",
  author   = "Savastano, Adriana and de Opakua, Alain Ib{\'a}{\~n}ez and
              Rankovic, Marija and Zweckstetter, Markus",
  journal  = "bioRxiv",
  pages    = "2020.06.18.160648",
  month    =  jun,
  year     =  2020,
  language = "en"
}

@UNPUBLISHED{Perdikari2020-cx,
  title    = "{SARS-CoV-2} nucleocapsid protein undergoes liquid-liquid phase
              separation stimulated by {RNA} and partitions into phases of
              human ribonucleoproteins",
  author   = "Perdikari, Theodora Myrto and Murthy, Anastasia C and Ryan,
              Veronica H and Watters, Scott and Naik, Mandar T and Fawzi,
              Nicolas L",
  journal  = "bioRxiv",
  pages    = "2020.06.09.141101",
  month    =  jun,
  year     =  2020,
  language = "en"
}

@ARTICLE{Van_Rosmalen2020-kk,
  title     = "Revealing in real-time a multistep assembly mechanism for {SV40}
               virus-like particles",
  author    = "van Rosmalen, Mariska G M and Kamsma, Douwe and Biebricher,
               Andreas S and Li, Chenglei and Zlotnick, Adam and Roos, Wouter H
               and Wuite, Gijs J L",
  journal   = "Science Advances",
  publisher = "American Association for the Advancement of Science",
  volume    =  6,
  number    =  16,
  pages     = "eaaz1639",
  month     =  apr,
  year      =  2020,
  language  = "en"
}

@MISC{Holehouse2019-cj,
  title  = "{PIMMS} (0.24 pre-beta)",
  author = "Holehouse, Alex S and Pappu, Rohit V",
  month  =  dec,
  year   =  2019
}

@ARTICLE{Woo1997-lo,
  title     = "Murine coronavirus packaging signal confers packaging to
               nonviral {RNA}",
  author    = "Woo, K and Joo, M and Narayanan, K and Kim, K H and Makino, S",
  journal   = "J. Virol.",
  publisher = "Am Soc Microbiol",
  volume    =  71,
  number    =  1,
  pages     = "824-827",
  month     =  jan,
  year      =  1997,
  language  = "en"
}

@ARTICLE{Hurst2013-iv,
  title     = "Characterization of a critical interaction between the
               coronavirus nucleocapsid protein and nonstructural protein 3 of
               the viral replicase-transcriptase complex",
  author    = "Hurst, Kelley R and Koetzner, Cheri A and Masters, Paul S",
  journal   = "J. Virol.",
  publisher = "Am Soc Microbiol",
  volume    =  87,
  number    =  16,
  pages     = "9159-9172",
  month     =  aug,
  year      =  2013,
  language  = "en"
}

@ARTICLE{Brass2002-on,
  title     = "An Amino-terminal Amphipathic {$\alpha$-Helix} Mediates Membrane
               Association of the Hepatitis {C} Virus Nonstructural Protein
               {5A}",
  author    = "Brass, Volker and Bieck, Elke and Montserret, Roland and
               W{\"o}lk, Benno and Hellings, Jan Albert and Blum, Hubert E and
               Penin, Fran{\c c}ois and Moradpour, Darius",
  journal   = "J. Biol. Chem.",
  publisher = "ASBMB",
  volume    =  277,
  number    =  10,
  pages     = "8130-8139",
  month     =  mar,
  year      =  2002
}

@ARTICLE{Soranno2012-jn,
  title    = "Quantifying internal friction in unfolded and intrinsically
              disordered proteins with single-molecule spectroscopy",
  author   = "Soranno, Andrea and Buchli, Brigitte and Nettels, Daniel and
              Cheng, Ryan R and M{\"u}ller-Sp{\"a}th, Sonja and Pfeil, Shawn H
              and Hoffmann, Armin and Lipman, Everett A and Makarov, Dmitrii E
              and Schuler, Benjamin",
  journal  = "Proc. Natl. Acad. Sci. U. S. A.",
  volume   =  109,
  number   =  44,
  pages    = "17800-17806",
  month    =  oct,
  year     =  2012,
  keywords = "IDPs;Theory and concepts/Structure and dynamics;IDPs;IDPs/Single
              molecule;Theory and concepts/Internal Friction and Frustration"
}

@ARTICLE{Chang2013-th,
  title    = "Transient oligomerization of the {SARS-CoV} {N}
              protein--implication for virus ribonucleoprotein packaging",
  author   = "Chang, Chung-Ke and Chen, Chia-Min Michael and Chiang, Ming-Hui
              and Hsu, Yen-Lan and Huang, Tai-Huang",
  journal  = "PLoS One",
  volume   =  8,
  number   =  5,
  pages    = "e65045",
  month    =  may,
  year     =  2013,
  language = "en"
}

@ARTICLE{Brangwynne2015-ph,
  title     = "Polymer physics of intracellular phase transitions",
  author    = "Brangwynne, Clifford P and Tompa, Peter and Pappu, Rohit V",
  journal   = "Nat. Phys.",
  publisher = "Nature Publishing Group",
  volume    =  11,
  number    =  11,
  pages     = "899-904",
  month     =  nov,
  year      =  2015,
  keywords  = "fuckoff.txt;NICD\_.txt"
}

@ARTICLE{Warner2017-zh,
  title    = "Monomeric Huntingtin Exon 1 Has Similar Overall Structural
              Features for {Wild-Type} and Pathological Polyglutamine Lengths",
  author   = "Warner, 4th, John B and Ruff, Kiersten M and Tan, Piau Siong and
              Lemke, Edward A and Pappu, Rohit V and Lashuel, Hilal A",
  journal  = "J. Am. Chem. Soc.",
  volume   =  139,
  number   =  41,
  pages    = "14456-14469",
  month    =  oct,
  year     =  2017,
  language = "en"
}

@ARTICLE{Lan2020-wh,
  title     = "Structure of the {SARS-CoV-2} spike receptor-binding domain
               bound to the {ACE2} receptor",
  author    = "Lan, Jun and Ge, Jiwan and Yu, Jinfang and Shan, Sisi and Zhou,
               Huan and Fan, Shilong and Zhang, Qi and Shi, Xuanling and Wang,
               Qisheng and Zhang, Linqi and Wang, Xinquan",
  journal   = "Nature",
  publisher = "nature.com",
  volume    =  581,
  number    =  7807,
  pages     = "215-220",
  month     =  may,
  year      =  2020,
  language  = "en"
}

@ARTICLE{McBride2014-aj,
  title    = "The coronavirus nucleocapsid is a multifunctional protein",
  author   = "McBride, Ruth and van Zyl, Marjorie and Fielding, Burtram C",
  journal  = "Viruses",
  volume   =  6,
  number   =  8,
  pages    = "2991-3018",
  month    =  aug,
  year     =  2014,
  language = "en"
}

@ARTICLE{Soranno2017-bi,
  title    = "Integrated view of internal friction in unfolded proteins from
              single-molecule {FRET}, contact quenching, theory, and
              simulations",
  author   = "Soranno, Andrea and Holla, Andrea and Dingfelder, Fabian and
              Nettels, Daniel and Makarov, Dmitrii E and Schuler, Benjamin",
  journal  = "Proc. Natl. Acad. Sci. U. S. A.",
  volume   =  114,
  number   =  10,
  pages    = "E1833-E1839",
  month    =  mar,
  year     =  2017,
  keywords = "PET quenching; Rouse model with internal friction; intrinsically
              disordered proteins; nanosecond FCS; single-molecule FRET",
  language = "en"
}

@ARTICLE{Boeynaems2019-ja,
  title    = "Spontaneous driving forces give rise to {protein-RNA} condensates
              with coexisting phases and complex material properties",
  author   = "Boeynaems, Steven and Holehouse, Alex S and Weinhardt, Venera and
              Kovacs, Denes and Van Lindt, Joris and Larabell, Carolyn and Van
              Den Bosch, Ludo and Das, Rhiju and Tompa, Peter S and Pappu,
              Rohit V and Gitler, Aaron D",
  journal  = "Proc. Natl. Acad. Sci. U. S. A.",
  volume   =  116,
  number   =  16,
  pages    = "7889-7898",
  month    =  apr,
  year     =  2019,
  keywords = "RNA; biomolecular condensates; complex coacervation;
              intrinsically disordered proteins; phase transitions",
  language = "en"
}

@ARTICLE{Luo2005-qs,
  title    = "The nucleocapsid protein of {SARS} coronavirus has a high binding
              affinity to the human cellular heterogeneous nuclear
              ribonucleoprotein {A1}",
  author   = "Luo, Haibin and Chen, Qing and Chen, Jing and Chen, Kaixian and
              Shen, Xu and Jiang, Hualiang",
  journal  = "FEBS Lett.",
  volume   =  579,
  number   =  12,
  pages    = "2623-2628",
  month    =  may,
  year     =  2005,
  language = "en"
}

@UNPUBLISHED{Iserman2020-xm,
  title    = "Specific viral {RNA} drives the {SARS} {CoV-2} nucleocapsid to
              phase separate",
  author   = "Iserman, Christiane and Roden, Christine Anne and Boerneke, Mark
              and Sealfon, Rachel and McLaughlin, Grace and Jungreis, Irwin and
              Park, Christopher Y and Boppana, Avinash and Fritch, Ethan and
              Hou, Yixuan and Theesfeld, Chandra and Troyanskaya, Olga and
              Baric, Ralph S G and Sheahan, Timothy P and Weeks, Kevin and
              Gladfelter, Amy",
  journal  = "bioRxiv",
  pages    = "2020.06.11.147199",
  month    =  jun,
  year     =  2020,
  language = "en"
}

@ARTICLE{Shin2017-as,
  title     = "Liquid phase condensation in cell physiology and disease",
  author    = "Shin, Yongdae and Brangwynne, Clifford P",
  journal   = "Science",
  publisher = "science.sciencemag.org",
  volume    =  357,
  number    =  6357,
  month     =  sep,
  year      =  2017,
  language  = "en"
}

@ARTICLE{Zimmerman2015-mf,
  title    = "{FAST} Conformational Searches by Balancing
              {Exploration/Exploitation} {Trade-Offs}",
  author   = "Zimmerman, Maxwell I and Bowman, Gregory R",
  journal  = "J. Chem. Theory Comput.",
  volume   =  11,
  number   =  12,
  pages    = "5747-5757",
  month    =  dec,
  year     =  2015,
  language = "en"
}

@MISC{Zinzula_L_Basquin_J_Nagy_I_Bracher_A_undated-ot,
  title        = "1.45 Angstrom Resolution Crystal Structure of C-terminal
                  Dimerization Domain of Nucleocapsid Phosphoprotein from
                  {SARS-CoV-2}",
  author       = "{Zinzula, L., Basquin, J., Nagy, I., Bracher, A.}",
  howpublished = "\url{https://www.rcsb.org/structure/6YUN}",
  note         = "Accessed: NA-NA-NA"
}

@ARTICLE{Lurie2020-vk,
  title     = "Developing Covid-19 Vaccines at Pandemic Speed",
  author    = "Lurie, Nicole and Saville, Melanie and Hatchett, Richard and
               Halton, Jane",
  journal   = "N. Engl. J. Med.",
  publisher = "Mass Medical Soc",
  volume    =  382,
  number    =  21,
  pages     = "1969-1973",
  month     =  may,
  year      =  2020,
  language  = "en"
}

@ARTICLE{Alberti2019-zm,
  title    = "{Liquid-Liquid} Phase Separation in Disease",
  author   = "Alberti, Simon and Dormann, Dorothee",
  journal  = "Annu. Rev. Genet.",
  volume   =  53,
  pages    = "171-194",
  month    =  dec,
  year     =  2019,
  keywords = "biomolecular condensate; cancer; infectious disease; membraneless
              organelle; neurodegeneration; phase separation",
  language = "en"
}

@ARTICLE{Porter2019-rm,
  title     = "Enspara: Modeling molecular ensembles with scalable data
               structures and parallel computing",
  author    = "Porter, J R and Zimmerman, M I and Bowman, G R",
  journal   = "J. Chem. Phys.",
  publisher = "aip.scitation.org",
  volume    =  150,
  number    =  4,
  pages     = "044108",
  month     =  jan,
  year      =  2019,
  language  = "en"
}

@ARTICLE{Baker2001-ma,
  title    = "Electrostatics of nanosystems: application to microtubules and
              the ribosome",
  author   = "Baker, N A and Sept, D and Joseph, S and Holst, M J and McCammon,
              J A",
  journal  = "Proc. Natl. Acad. Sci. U. S. A.",
  volume   =  98,
  number   =  18,
  pages    = "10037-10041",
  month    =  aug,
  year     =  2001,
  language = "en"
}

@ARTICLE{Nikolic2017-qx,
  title    = "Negri bodies are viral factories with properties of liquid
              organelles",
  author   = "Nikolic, Jovan and Le Bars, Romain and Lama, Zo{\'e} and Scrima,
              Nathalie and Lagaudri{\`e}re-Gesbert, C{\'e}cile and Gaudin, Yves
              and Blondel, Danielle",
  journal  = "Nat. Commun.",
  volume   =  8,
  number   =  1,
  pages    = "58",
  month    =  jul,
  year     =  2017,
  language = "en"
}

@ARTICLE{Linger2004-lk,
  title    = "Sindbis virus nucleocapsid assembly: {RNA} folding promotes
              capsid protein dimerization",
  author   = "Linger, Benjamin R and Kunovska, Lyudmyla and Kuhn, Richard J and
              Golden, Barbara L",
  journal  = "RNA",
  volume   =  10,
  number   =  1,
  pages    = "128-138",
  month    =  jan,
  year     =  2004,
  language = "en"
}

@BOOK{Wyman1990-qn,
  title     = "Binding and Linkage: Functional Chemistry of Biological
               Macromolecules",
  author    = "Wyman, Jeffries and Gill, Stanley J",
  publisher = "University Science Books",
  year      =  1990,
  language  = "en"
}

@ARTICLE{Ranganathan2020-oo,
  title    = "Dynamic metastable long-living droplets formed by sticker-spacer
              proteins",
  author   = "Ranganathan, Srivastav and Shakhnovich, Eugene I",
  journal  = "Elife",
  volume   =  9,
  month    =  jun,
  year     =  2020,
  keywords = "molecular biophysics; none; physics of living systems; structural
              biology",
  language = "en"
}

@ARTICLE{Holmstrom2018-yk,
  title    = "Conformational Plasticity of Hepatitis {C} Virus Core Protein
              Enables {RNA-Induced} Formation of Nucleocapsid-like Particles",
  author   = "Holmstrom, Erik D and Nettels, Daniel and Schuler, Benjamin",
  journal  = "J. Mol. Biol.",
  volume   =  430,
  number   =  16,
  pages    = "2453-2467",
  month    =  aug,
  year     =  2018,
  keywords = "FRET; hepatitis C virus; intrinsic disorder; nucleocapsid
              assembly; single-molecule",
  language = "en"
}

@ARTICLE{Hess2008-gf,
  title    = "{P-LINCS}: A Parallel Linear Constraint Solver for Molecular
              Simulation",
  author   = "Hess, Berk",
  journal  = "J. Chem. Theory Comput.",
  volume   =  4,
  number   =  1,
  pages    = "116-122",
  month    =  jan,
  year     =  2008,
  language = "en"
}

@ARTICLE{Zhang2015-vd,
  title    = "{RNA} controls {PolyQ} protein phase transitions",
  author   = "Zhang, Huaiying and Elbaum-Garfinkle, Shana and Langdon, Erin M
              and Taylor, Nicole and Occhipinti, Patricia and Bridges, Andrew A
              and Brangwynne, Clifford P and Gladfelter, Amy S",
  journal  = "Mol. Cell",
  volume   =  60,
  number   =  2,
  pages    = "220-230",
  month    =  oct,
  year     =  2015,
  keywords = "fuckoff.txt;NICD\_.txt"
}

@ARTICLE{Sanders2020-ea,
  title     = "Pharmacologic Treatments for Coronavirus Disease 2019
               ({COVID-19)}: A Review",
  author    = "Sanders, James M and Monogue, Marguerite L and Jodlowski, Tomasz
               Z and Cutrell, James B",
  journal   = "JAMA",
  publisher = "jamanetwork.com",
  month     =  apr,
  year      =  2020,
  language  = "en"
}

@ARTICLE{Timani2005-xr,
  title     = "Nuclear/nucleolar localization properties of C-terminal
               nucleocapsid protein of {SARS} coronavirus",
  author    = "Timani, Khalid Amine and Liao, Qingjiao and Ye, Linbai and Zeng,
               Yingchun and Liu, Jing and Zheng, Yi and Ye, Li and Yang,
               Xiaojun and Lingbao, Kong and Gao, Jingrong and Zhu, Ying",
  journal   = "Virus Res.",
  publisher = "Elsevier",
  volume    =  114,
  number    = "1-2",
  pages     = "23-34",
  month     =  dec,
  year      =  2005,
  language  = "en"
}

@ARTICLE{Jensen2008-zu,
  title     = "Quantitative conformational analysis of partially folded
               proteins from residual dipolar couplings: application to the
               molecular recognition element of Sendai virus nucleoprotein",
  author    = "Jensen, Malene Ringkj{\o}bing and Houben, Klaartje and Lescop,
               Ewen and Blanchard, Laurence and Ruigrok, Rob W H and
               Blackledge, Martin",
  journal   = "J. Am. Chem. Soc.",
  publisher = "ACS Publications",
  volume    =  130,
  number    =  25,
  pages     = "8055-8061",
  year      =  2008
}

@ARTICLE{Kang2020-tb,
  title    = "Crystal structure of {SARS-CoV-2} nucleocapsid protein {RNA}
              binding domain reveals potential unique drug targeting sites",
  author   = "Kang, Sisi and Yang, Mei and Hong, Zhongsi and Zhang, Liping and
              Huang, Zhaoxia and Chen, Xiaoxue and He, Suhua and Zhou, Ziliang
              and Zhou, Zhechong and Chen, Qiuyue and Yan, Yan and Zhang,
              Changsheng and Shan, Hong and Chen, Shoudeng",
  journal  = "Acta Pharm Sin B",
  month    =  apr,
  year     =  2020,
  keywords = "Antiviral targeting site; COVID-19; Coronavirus; Crystal
              structure; Nucleocapsid protein; RNA binding domain; SARS-CoV-2",
  language = "en"
}

@UNPUBLISHED{Klein2020-vw,
  title    = "{SARS-CoV-2} structure and replication characterized by in situ
              cryo-electron tomography",
  author   = "Klein, Steffen and Cortese, Mirko and Winter, Sophie L and
              Wachsmuth-Melm, Moritz and Neufeldt, Christopher J and Cerikan,
              Berati and Stanifer, Megan L and Boulant, Steeve and
              Bartenschlager, Ralf and Chlanda, Petr",
  journal  = "bioRxiv",
  pages    = "2020.06.23.167064",
  month    =  jun,
  year     =  2020,
  language = "en"
}

@ARTICLE{Feenstra1999-pl,
  title     = "Improving efficiency of large time-scale molecular dynamics
               simulations of hydrogen-rich systems",
  author    = "Feenstra, K Anton and Hess, Berk and Berendsen, Herman J C",
  journal   = "J. Comput. Chem.",
  publisher = "Wiley Online Library",
  volume    =  20,
  number    =  8,
  pages     = "786-798",
  year      =  1999
}

@ARTICLE{Chang2014-fy,
  title     = "The {SARS} coronavirus nucleocapsid protein--forms and functions",
  author    = "Chang, Chung-Ke and Hou, Ming-Hon and Chang, Chi-Fon and Hsiao,
               Chwan-Deng and Huang, Tai-Huang",
  journal   = "Antiviral Res.",
  publisher = "Elsevier",
  volume    =  103,
  pages     = "39-50",
  year      =  2014
}

@ARTICLE{Klein_undated-as,
  title  = "{SARS-CoV-2} structure and replication characterized by in situ
            cryo-electron tomography",
  author = "Klein, Steffen and Cortese, Mirko and Winter, Sophie L and
            Wachsmuth-Melm, Moritz and Neufeldt, Christopher J and Cerikan,
            Berati and Stanifer, Megan L and Boulant, Steeve and
            Bartenschlager, Ralf and Chlanda, Petr"
}

@ARTICLE{Hofmann2012-pz,
  title    = "Polymer scaling laws of unfolded and intrinsically disordered
              proteins quantified with single-molecule spectroscopy",
  author   = "Hofmann, Hagen and Soranno, Andrea and Borgia, Alessandro and
              Gast, Klaus and Nettels, Daniel and Schuler, Benjamin",
  journal  = "Proc. Natl. Acad. Sci. U. S. A.",
  volume   =  109,
  number   =  40,
  pages    = "16155-16160",
  month    =  sep,
  year     =  2012,
  keywords = "Amino Acid Sequence Cyclophilin A Humans *Models, Molecular
              Molecular Dynamics Simulation Molecular Sequence Data
              Polymers/*chemistry *Protein Folding Proteins/*chemistry
              Spectrometry, Fluorescence/*methods
              Water/chemistry;main.txt;NTL9\_main.txt;PAPER: Urea-GdmCl
              denaturation/General reading;IDPs/Single molecule;IDPs/IDP
              biophysics"
}

% The entry below contains non-ASCII chars that could not be converted
% to a LaTeX equivalent.
@ARTICLE{Higgs1991-rl,
  title     = "Theory of polyampholyte solutions",
  author    = "Higgs, Paul G and Joanny, Jean‐fran{\c c}ois",
  journal   = "J. Chem. Phys.",
  publisher = "AIP Publishing",
  volume    =  94,
  number    =  2,
  pages     = "1543-1554",
  month     =  jan,
  year      =  1991,
  keywords  = "Theory and concepts/Polymers"
}

@ARTICLE{Zheng2016-ds,
  title    = "Probing the action of chemical denaturant on an intrinsically
              disordered protein by simulation and experiment",
  author   = "Zheng, Wenwei and Borgia, Alessandro and Buholzer, Karin and
              Grishaev, Alexander and Schuler, Benjamin and Best, Robert B",
  journal  = "J. Am. Chem. Soc.",
  volume   =  138,
  number   =  36,
  pages    = "11702-11713",
  month    =  sep,
  year     =  2016,
  keywords = "NTL9\_main.txt",
  language = "en"
}

@ARTICLE{Zinzula2020-mi,
  title   = "1.45 Angstrom Resolution Crystal Structure of C-terminal
             Dimerization Domain of Nucleocapsid Phosphoprotein from
             {SARS-CoV-2} ({PDB}: {6YUN})",
  author  = "Zinzula, Luca and Nagy, Massimiliano Orsini and Bracher, Andreas",
  journal = "Protein Data Bank",
  month   =  may,
  year    =  2020
}

@ARTICLE{Bergeron-Sandoval2018-mb,
  title     = "Mechanics, Structure and Function of Biopolymer Condensates",
  author    = "Bergeron-Sandoval, Louis-Philippe and Michnick, Stephen W",
  journal   = "J. Mol. Biol.",
  publisher = "Elsevier",
  volume    =  430,
  number    =  23,
  pages     = "4754-4761",
  month     =  nov,
  year      =  2018,
  keywords  = "biopolymer condensates; mechanical potential; phase separation;
               surface interface energy; viscoelastic properties",
  language  = "en"
}

@ARTICLE{Guex1997-xc,
  title     = "{SWISS-MODEL} and the {Swiss-Pdb} Viewer: an environment for
               comparative protein modeling",
  author    = "Guex, Nicolas and Peitsch, Manuel C",
  journal   = "Electrophoresis",
  publisher = "Wiley Online Library",
  volume    =  18,
  number    =  15,
  pages     = "2714-2723",
  year      =  1997
}

@ARTICLE{Heinrich2018-bu,
  title     = "Phase Transitions Drive the Formation of Vesicular Stomatitis
               Virus Replication Compartments",
  author    = "Heinrich, Bianca S and Maliga, Zoltan and Stein, David A and
               Hyman, Anthony A and Whelan, Sean P J",
  journal   = "MBio",
  publisher = "Am Soc Microbiol",
  volume    =  9,
  number    =  5,
  month     =  sep,
  year      =  2018,
  keywords  = "negative-strand RNA virus; phase separation; rhabdovirus; viral
               replication; viroplasm; virus-host interactions",
  language  = "en"
}

@ARTICLE{Nettels2009-uq,
  title    = "Single-molecule spectroscopy of the temperature-induced collapse
              of unfolded proteins",
  author   = "Nettels, Daniel and M{\"u}ller-Sp{\"a}th, Sonja and K{\"u}ster,
              Frank and Hofmann, Hagen and Haenni, Dominik and R{\"u}egger,
              Stefan and Reymond, Luc and Hoffmann, Armin and Kubelka, Jan and
              Heinz, Benjamin and Gast, Klaus and Best, Robert B and Schuler,
              Benjamin",
  journal  = "Proc. Natl. Acad. Sci. U. S. A.",
  volume   =  106,
  number   =  49,
  pages    = "20740-20745",
  month    =  dec,
  year     =  2009,
  language = "en"
}

@ARTICLE{Zinzula2020-mi,
  title   = "1.45 Angstrom Resolution Crystal Structure of C-terminal
             Dimerization Domain of Nucleocapsid Phosphoprotein from
             {SARS-CoV-2} ({PDB}: {6YUN})",
  author  = "Zinzula, Luca and Nagy, Massimiliano Orsini and Bracher, Andreas",
  journal = "Protein Data Bank",
  month   =  may,
  year    =  2020
}

@ARTICLE{Shirts2000-xv,
  title     = "Screen Savers of the World Unite!",
  author    = "Shirts, Michael and Pande, Vijay S",
  journal   = "Science",
  publisher = "American Association for the Advancement of Science",
  volume    =  290,
  number    =  5498,
  pages     = "1903-1904",
  month     =  dec,
  year      =  2000,
  language  = "en"
}

@ARTICLE{Sanders2020-tl,
  title     = "Competing {Protein-RNA} Interaction Networks Control Multiphase
               Intracellular Organization",
  author    = "Sanders, David W and Kedersha, Nancy and Lee, Daniel S W and
               Strom, Amy R and Drake, Victoria and Riback, Joshua A and
               Bracha, Dan and Eeftens, Jorine M and Iwanicki, Allana and Wang,
               Alicia and Wei, Ming-Tzo and Whitney, Gena and Lyons, Shawn M
               and Anderson, Paul and Jacobs, William M and Ivanov, Pavel and
               Brangwynne, Clifford P",
  journal   = "Cell",
  publisher = "Elsevier",
  volume    =  181,
  number    =  2,
  pages     = "306-324.e28",
  month     =  apr,
  year      =  2020,
  keywords  = "phase separation; multiphase; condensates; membraneless
               organelles; RNA binding; stress granules; P-bodies; G3BP;
               UBAP2L; USP10",
  language  = "en"
}

@UNPUBLISHED{Ye2020-fz,
  title    = "Architecture and self-assembly of the {SARS-CoV-2} nucleocapsid
              protein",
  author   = "Ye, Qiaozhen and West, Alan M V and Silletti, Steve and Corbett,
              Kevin D",
  journal  = "bioRxiv",
  pages    = "2020.05.17.100685",
  month    =  jun,
  year     =  2020,
  language = "en"
}

@INCOLLECTION{Corman2018-my,
  title     = "Chapter Eight - Hosts and Sources of Endemic Human Coronaviruses",
  booktitle = "Advances in Virus Research",
  author    = "Corman, Victor M and Muth, Doreen and Niemeyer, Daniela and
               Drosten, Christian",
  editor    = "Kielian, Margaret and Mettenleiter, Thomas C and Roossinck,
               Marilyn J",
  publisher = "Academic Press",
  volume    =  100,
  pages     = "163-188",
  month     =  jan,
  year      =  2018,
  keywords  = "Alphacoronavirus; Betacoronavirus; Livestock; Respiratory tract
               infections; Zoonotic diseases"
}

@ARTICLE{Cologna2000-ex,
  title     = "Identification of a bovine coronavirus packaging signal",
  author    = "Cologna, R and Hogue, B G",
  journal   = "J. Virol.",
  publisher = "Am Soc Microbiol",
  volume    =  74,
  number    =  1,
  pages     = "580-583",
  month     =  jan,
  year      =  2000,
  language  = "en"
}

@ARTICLE{Leyrat2011-di,
  title     = "The N0-binding region of the vesicular stomatitis virus
               phosphoprotein is globally disordered but contains transient
               $\alpha$-helices",
  author    = "Leyrat, C{\'e}dric and Jensen, Malene Ringkj{\o}bing and
               Ribeiro, Jr, Euripedes A and G{\'e}rard, Francine C A and
               Ruigrok, Rob W H and Blackledge, Martin and Jamin, Marc",
  journal   = "Protein Sci.",
  publisher = "Wiley Online Library",
  volume    =  20,
  number    =  3,
  pages     = "542-556",
  year      =  2011
}

@ARTICLE{Perdikari_undated-ak,
  title  = "{SARS-CoV-2} nucleocapsid protein undergoes liquid-liquid phase
            separation stimulated by {RNA} and partitions into phases of human
            ribonucleoproteins",
  author = "Perdikari, Theodora Myrto and Murthy, Anastasia C and Ryan,
            Veronica H and Watters, Scott and Naik, Mandar T and Fawzi, Nicolas
            L"
}

@ARTICLE{Nettels2007-lf,
  title    = "Ultrafast dynamics of protein collapse from single-molecule
              photon statistics",
  author   = "Nettels, Daniel and Gopich, Irina V and Hoffmann, Armin and
              Schuler, Benjamin",
  journal  = "Proc. Natl. Acad. Sci. U. S. A.",
  volume   =  104,
  number   =  8,
  pages    = "2655-2660",
  month    =  feb,
  year     =  2007,
  language = "en"
}

@ARTICLE{Posey2018-sy,
  title    = "Profilin reduces aggregation and phase separation of huntingtin
              N-terminal fragments by preferentially binding to soluble
              monomers and oligomers",
  author   = "Posey, Ammon E and Ruff, Kiersten M and Harmon, Tyler S and
              Crick, Scott L and Li, Aimin and Diamond, Marc I and Pappu, Rohit
              V",
  journal  = "J. Biol. Chem.",
  volume   =  293,
  number   =  10,
  pages    = "3734-3746",
  month    =  mar,
  year     =  2018,
  keywords = "Huntington disease; biophysics; neurodegenerative disease; phase
              transitions; polyglutamine; protein aggregation",
  language = "en"
}

@ARTICLE{Hurst2010-xi,
  title     = "An Interaction between the Nucleocapsid Protein and a Component
               of the {Replicase-Transcriptase} Complex Is Crucial for the
               Infectivity of Coronavirus Genomic {RNA}",
  author    = "Hurst, Kelley R and Ye, Rong and Goebel, Scott J and Jayaraman,
               Priya and Masters, Paul S",
  journal   = "J. Virol.",
  publisher = "American Society for Microbiology Journals",
  volume    =  84,
  number    =  19,
  pages     = "10276-10288",
  month     =  oct,
  year      =  2010,
  language  = "en"
}

@ARTICLE{Doose2005-tx,
  title     = "A close look at fluorescence quenching of organic dyes by
               tryptophan",
  author    = "Doose, S{\"o}ren and Neuweiler, Hannes and Sauer, Markus",
  journal   = "Chemphyschem",
  publisher = "Wiley Online Library",
  volume    =  6,
  number    =  11,
  pages     = "2277-2285",
  month     =  nov,
  year      =  2005,
  language  = "en"
}

@ARTICLE{Feuerstein2012-jk,
  title     = "Transient structure and {SH3} interaction sites in an
               intrinsically disordered fragment of the hepatitis {C} virus
               protein {NS5A}",
  author    = "Feuerstein, Sophie and Solyom, Zsofia and Aladag, Amine and
               Favier, Adrien and Schwarten, Melanie and Hoffmann, Silke and
               Willbold, Dieter and Brutscher, Bernhard",
  journal   = "J. Mol. Biol.",
  publisher = "Elsevier",
  volume    =  420,
  number    = "4-5",
  pages     = "310-323",
  month     =  jul,
  year      =  2012,
  language  = "en"
}

@ARTICLE{Masters2019-ci,
  title     = "Coronavirus genomic {RNA} packaging",
  author    = "Masters, Paul S",
  journal   = "Virology",
  publisher = "Elsevier",
  volume    =  537,
  pages     = "198-207",
  month     =  nov,
  year      =  2019,
  keywords  = "Coronavirus; Innate immunity; Membrane protein; Mouse hepatitis
               virus; Nucleocapsid protein; Packaging signal; RNA virus; Viral
               genome packaging",
  language  = "en"
}

@ARTICLE{Fuertes2017-au,
  title    = "Decoupling of size and shape fluctuations in heteropolymeric
              sequences reconciles discrepancies in {SAXS} vs. {FRET}
              measurements",
  author   = "Fuertes, Gustavo and Banterle, Niccol{\`o} and Ruff, Kiersten M
              and Chowdhury, Aritra and Mercadante, Davide and Koehler,
              Christine and Kachala, Michael and Estrada Girona, Gemma and
              Milles, Sigrid and Mishra, Ankur and Onck, Patrick R and
              Gr{\"a}ter, Frauke and Esteban-Mart{\'\i}n, Santiago and Pappu,
              Rohit V and Svergun, Dmitri I and Lemke, Edward A",
  journal  = "Proc. Natl. Acad. Sci. U. S. A.",
  volume   =  114,
  number   =  31,
  pages    = "E6342-E6351",
  month    =  aug,
  year     =  2017,
  keywords = "denatured-state ensemble; intrinsically disordered proteins;
              polymer theory; protein folding; single-molecule FRET",
  language = "en"
}

@ARTICLE{Grossoehme2009-px,
  title    = "Coronavirus {N} protein N-terminal domain ({NTD}) specifically
              binds the transcriptional regulatory sequence ({TRS}) and melts
              {TRS-cTRS} {RNA} duplexes",
  author   = "Grossoehme, Nicholas E and Li, Lichun and Keane, Sarah C and Liu,
              Pinghua and Dann, 3rd, Charles E and Leibowitz, Julian L and
              Giedroc, David P",
  journal  = "J. Mol. Biol.",
  volume   =  394,
  number   =  3,
  pages    = "544-557",
  month    =  dec,
  year     =  2009,
  language = "en"
}

@ARTICLE{Holmstrom2019-ns,
  title     = "Disordered {RNA} chaperones can enhance nucleic acid folding via
               local charge screening",
  author    = "Holmstrom, Erik D and Liu, Zhaowei and Nettels, Daniel and Best,
               Robert B and Schuler, Benjamin",
  journal   = "Nat. Commun.",
  publisher = "nature.com",
  volume    =  10,
  number    =  1,
  pages     = "2453",
  month     =  jun,
  year      =  2019
}

@ARTICLE{Gordon2020-sg,
  title    = "A {SARS-CoV-2} protein interaction map reveals targets for drug
              repurposing",
  author   = "Gordon, David E and Jang, Gwendolyn M and Bouhaddou, Mehdi and
              Xu, Jiewei and Obernier, Kirsten and White, Kris M and O'Meara,
              Matthew J and Rezelj, Veronica V and Guo, Jeffrey Z and Swaney,
              Danielle L and Tummino, Tia A and Huettenhain, Ruth and Kaake,
              Robyn M and Richards, Alicia L and Tutuncuoglu, Beril and
              Foussard, Helene and Batra, Jyoti and Haas, Kelsey and Modak,
              Maya and Kim, Minkyu and Haas, Paige and Polacco, Benjamin J and
              Braberg, Hannes and Fabius, Jacqueline M and Eckhardt, Manon and
              Soucheray, Margaret and Bennett, Melanie J and Cakir, Merve and
              McGregor, Michael J and Li, Qiongyu and Meyer, Bjoern and Roesch,
              Ferdinand and Vallet, Thomas and Mac Kain, Alice and Miorin, Lisa
              and Moreno, Elena and Naing, Zun Zar Chi and Zhou, Yuan and Peng,
              Shiming and Shi, Ying and Zhang, Ziyang and Shen, Wenqi and
              Kirby, Ilsa T and Melnyk, James E and Chorba, John S and Lou,
              Kevin and Dai, Shizhong A and Barrio-Hernandez, Inigo and Memon,
              Danish and Hernandez-Armenta, Claudia and Lyu, Jiankun and Mathy,
              Christopher J P and Perica, Tina and Pilla, Kala B and Ganesan,
              Sai J and Saltzberg, Daniel J and Rakesh, Ramachandran and Liu,
              Xi and Rosenthal, Sara B and Calviello, Lorenzo and
              Venkataramanan, Srivats and Liboy-Lugo, Jose and Lin, Yizhu and
              Huang, Xi-Ping and Liu, Yongfeng and Wankowicz, Stephanie A and
              Bohn, Markus and Safari, Maliheh and Ugur, Fatima S and Koh,
              Cassandra and Savar, Nastaran Sadat and Tran, Quang Dinh and
              Shengjuler, Djoshkun and Fletcher, Sabrina J and O'Neal, Michael
              C and Cai, Yiming and Chang, Jason C J and Broadhurst, David J
              and Klippsten, Saker and Sharp, Phillip P and Wenzell, Nicole A
              and Kuzuoglu, Duygu and Wang, Hao-Yuan and Trenker, Raphael and
              Young, Janet M and Cavero, Devin A and Hiatt, Joseph and Roth,
              Theodore L and Rathore, Ujjwal and Subramanian, Advait and Noack,
              Julia and Hubert, Mathieu and Stroud, Robert M and Frankel, Alan
              D and Rosenberg, Oren S and Verba, Kliment A and Agard, David A
              and Ott, Melanie and Emerman, Michael and Jura, Natalia and von
              Zastrow, Mark and Verdin, Eric and Ashworth, Alan and Schwartz,
              Olivier and d'Enfert, Christophe and Mukherjee, Shaeri and
              Jacobson, Matt and Malik, Harmit S and Fujimori, Danica G and
              Ideker, Trey and Craik, Charles S and Floor, Stephen N and
              Fraser, James S and Gross, John D and Sali, Andrej and Roth,
              Bryan L and Ruggero, Davide and Taunton, Jack and Kortemme, Tanja
              and Beltrao, Pedro and Vignuzzi, Marco and Garc{\'\i}a-Sastre,
              Adolfo and Shokat, Kevan M and Shoichet, Brian K and Krogan,
              Nevan J",
  journal  = "Nature",
  month    =  apr,
  year     =  2020,
  language = "en"
}

@ARTICLE{Soranno2018-iw,
  title     = "Dynamics of Structural Elements of {GB1} {$\beta$-Hairpin}
               Revealed by {Tryptophan--Cysteine} Contact Formation Experiments",
  author    = "Soranno, A and Cabassi, F and Orselli, M E and {others}",
  journal   = "The Journal of",
  publisher = "ACS Publications",
  year      =  2018
}

@BOOK{Rubinstein2003-fa,
  title     = "Polymer Physics",
  author    = "Rubinstein, M and Colby, Ralph H",
  publisher = "Oxford University Press",
  year      =  2003,
  address   = "New York",
  keywords  = "SI\_please.txt;fuckoff.txt;main.txt"
}

@ARTICLE{Narayanan2019-cc,
  title    = "A first order phase transition mechanism underlies protein
              aggregation in mammalian cells",
  author   = "Narayanan, Arjun and Meriin, Anatoli and Andrews, J Owen and
              Spille, Jan-Hendrik and Sherman, Michael Y and Cisse, Ibrahim I",
  journal  = "Elife",
  volume   =  8,
  month    =  feb,
  year     =  2019,
  keywords = "aggregation; human; live cell imaging; neurodegeneration; phase
              separation; physics of living systems; single molecule;
              super-resolution",
  language = "en"
}

@ARTICLE{Semenov1998-rp,
  title     = "Thermoreversible Gelation in Solutions of Associative Polymers.
               1. Statics",
  author    = "Semenov, Alexander N and Rubinstein, Michael",
  journal   = "Macromolecules",
  publisher = "American Chemical Society",
  volume    =  31,
  number    =  4,
  pages     = "1373-1385",
  month     =  feb,
  year      =  1998
}

@ARTICLE{Sauer2014-ux,
  title     = "{PET-FCS}: probing rapid structural fluctuations of proteins and
               nucleic acids by single-molecule fluorescence quenching",
  author    = "Sauer, Markus and Neuweiler, Hannes",
  journal   = "Methods Mol. Biol.",
  publisher = "Springer",
  volume    =  1076,
  pages     = "597-615",
  year      =  2014,
  language  = "en"
}

@UNPUBLISHED{Zeng2020-ko,
  title    = "Connecting coil-to-globule transitions to full phase diagrams for
              intrinsically disordered proteins",
  author   = "Zeng, X and Holehouse, A S and Mittag, T and Chilkoti, A and
              Pappu, R V",
  journal  = "bioRxiv",
  pages    = "2020.05.13.093351",
  month    =  may,
  year     =  2020,
  language = "en"
}

@ARTICLE{Sun2018-rj,
  title    = "Simulation of spontaneous {G} protein activation reveals a new
              intermediate driving {GDP} unbinding",
  author   = "Sun, Xianqiang and Singh, Sukrit and Blumer, Kendall J and
              Bowman, Gregory R",
  journal  = "Elife",
  volume   =  7,
  month    =  oct,
  year     =  2018,
  keywords = "G proteins; Markov state models; allostery; computational
              biology; molecular biophysics; molecular dynamics; none;
              structural biology; systems biology",
  language = "en"
}

@ARTICLE{Kuo2002-me,
  title     = "Genetic evidence for a structural interaction between the
               carboxy termini of the membrane and nucleocapsid proteins of
               mouse hepatitis virus",
  author    = "Kuo, Lili and Masters, Paul S",
  journal   = "J. Virol.",
  publisher = "Am Soc Microbiol",
  volume    =  76,
  number    =  10,
  pages     = "4987-4999",
  month     =  may,
  year      =  2002,
  language  = "en"
}

@ARTICLE{Banani2017-iu,
  title    = "Biomolecular condensates: organizers of cellular biochemistry",
  author   = "Banani, Salman F and Lee, Hyun O and Hyman, Anthony A and Rosen,
              Michael K",
  journal  = "Nat. Rev. Mol. Cell Biol.",
  volume   =  18,
  number   =  5,
  pages    = "285-298",
  month    =  may,
  year     =  2017,
  language = "en"
}

@ARTICLE{Pak2016-es,
  title     = "Sequence determinants of intracellular phase separation by
               complex coacervation of a disordered protein",
  author    = "Pak, Chi W and Kosno, Martyna and Holehouse, Alex S and Padrick,
               Shae B and Mittal, Anuradha and Ali, Rustam and Yunus, Ali A and
               Liu, David R and Pappu, Rohit V and Rosen, Michael K",
  journal   = "Mol. Cell",
  publisher = "Elsevier",
  volume    =  63,
  number    =  1,
  pages     = "72--85",
  month     =  jul,
  year      =  2016,
  keywords  = "fuckoff.txt",
  language  = "en"
}

@ARTICLE{Borgia2018-yo,
  title     = "Extreme disorder in an ultrahigh-affinity protein complex",
  author    = "Borgia, Alessandro and Borgia, Madeleine B and Bugge, Katrine
               and Kissling, Vera M and Heidarsson, P{\'e}tur O and Fernandes,
               Catarina B and Sottini, Andrea and Soranno, Andrea and Buholzer,
               Karin J and Nettels, Daniel and Kragelund, Birthe B and Best,
               Robert B and Schuler, Benjamin",
  journal   = "Nature",
  publisher = "Macmillan Publishers Limited, part of Springer Nature. All
               rights reserved.",
  volume    =  555,
  pages     = "61",
  month     =  feb,
  year      =  2018
}

@ARTICLE{Brangwynne2009-xn,
  title    = "Germline {P} granules are liquid droplets that localize by
              controlled dissolution/condensation",
  author   = "Brangwynne, Clifford P and Eckmann, Christian R and Courson,
              David S and Rybarska, Agata and Hoege, Carsten and Gharakhani,
              Joebin and Juelicher, Frank and Hyman, Anthony A",
  journal  = "Science",
  volume   =  324,
  number   =  5935,
  pages    = "1729-1732",
  month    =  jun,
  year     =  2009,
  keywords = "Animals Caenorhabditis elegans/*embryology/metabolism
              Caenorhabditis elegans Proteins/chemistry/metabolism
              Cytoplasm/metabolism/physiology/ultrastructure Cytoplasmic
              Granules/chemistry/*physiology/ultrastructure Embryo,
              Nonmammalian/*cytology/metabolism/ultrastructure Germ
              Cells/*ultrastructure Phase Transition Physicochemical Processes
              Protein-Serine-Threonine Kinases/chemistry/metabolism RNA
              Interference RNA, Helminth/chemistry Solubility Surface Tension
              Viscosity;fuckoff.txt;NICD\_.txt;Phase transitions/P
              granules;Intracellular phases/P-granules"
}

@ARTICLE{Guseva2020-nt,
  title    = "Measles virus nucleo- and phosphoproteins form liquid-like
              phase-separated compartments that promote nucleocapsid assembly",
  author   = "Guseva, Serafima and Milles, Sigrid and Jensen, Malene
              Ringkj{\o}bing and Salvi, Nicola and Kleman, Jean-Philippe and
              Maurin, Damien and Ruigrok, Rob W H and Blackledge, Martin",
  journal  = "Sci Adv",
  volume   =  6,
  number   =  14,
  pages    = "eaaz7095",
  month    =  apr,
  year     =  2020,
  language = "en"
}

@ARTICLE{Tompa2008-tn,
  title     = "Fuzzy complexes: polymorphism and structural disorder in
               protein--protein interactions",
  author    = "Tompa, Peter and Fuxreiter, Monika",
  journal   = "Trends Biochem. Sci.",
  publisher = "Elsevier",
  volume    =  33,
  number    =  1,
  pages     = "2-8",
  year      =  2008
}

@ARTICLE{Hurst2005-fx,
  title     = "A major determinant for membrane protein interaction localizes
               to the carboxy-terminal domain of the mouse coronavirus
               nucleocapsid protein",
  author    = "Hurst, Kelley R and Kuo, Lili and Koetzner, Cheri A and Ye, Rong
               and Hsue, Bilan and Masters, Paul S",
  journal   = "J. Virol.",
  publisher = "Am Soc Microbiol",
  volume    =  79,
  number    =  21,
  pages     = "13285-13297",
  year      =  2005
}

@ARTICLE{Mao2012-hr,
  title    = "Crystal lattice properties fully determine short-range
              interaction parameters for alkali and halide ions",
  author   = "Mao, Albert H and Pappu, Rohit V",
  journal  = "J. Chem. Phys.",
  volume   =  137,
  number   =  6,
  pages    = "064104",
  month    =  aug,
  year     =  2012,
  keywords = "Alkalies/*chemistry Computer Simulation Entropy Ions/*chemistry
              Models, Chemical Solvents/chemistry Thermodynamics
              Water;Main\_library.txt;SI\_library.txt;Pappulab"
}

@ARTICLE{Post1982-mo,
  title     = "Light-scattering study of {DNA} condensation: Competition
               between collapse and aggregation",
  author    = "Post, Carol Beth and Zimm, Bruno H",
  journal   = "Biopolymers: Original Research on Biomolecules",
  publisher = "Wiley Online Library",
  volume    =  21,
  number    =  11,
  pages     = "2139-2160",
  year      =  1982
}

@ARTICLE{Cong2017-hw,
  title     = "Coronavirus nucleocapsid proteins assemble constitutively in
               high molecular oligomers",
  author    = "Cong, Yingying and Kriegenburg, Franziska and de Haan, Cornelis
               A M and Reggiori, Fulvio",
  journal   = "Sci. Rep.",
  publisher = "nature.com",
  volume    =  7,
  number    =  1,
  pages     = "5740",
  month     =  jul,
  year      =  2017,
  language  = "en"
}

@ARTICLE{Patel2015-hh,
  title    = "A liquid-to-solid phase transition of the {ALS} protein {FUS}
              accelerated by disease mutation",
  author   = "Patel, Avinash and Lee, Hyun O and Jawerth, Louise and Maharana,
              Shovamayee and Jahnel, Marcus and Hein, Marco Y and Stoynov,
              Stoyno and Mahamid, Julia and Saha, Shambaditya and Franzmann,
              Titus M and Pozniakovski, Andrej and Poser, Ina and Maghelli,
              Nicola and Royer, Loic A and Weigert, Martin and Myers, Eugene W
              and Grill, Stephan and Drechsel, David and Hyman, Anthony A and
              Alberti, Simon",
  journal  = "Cell",
  volume   =  162,
  number   =  5,
  pages    = "1066-1077",
  month    =  aug,
  year     =  2015,
  keywords = "Aging/metabolism/*pathology Amyotrophic Lateral
              Sclerosis/*genetics/metabolism/*pathology Cell Nucleus/chemistry
              Cytoplasm/chemistry Humans *Mutation Prions/chemistry Protein
              Aggregates Protein Structure, Tertiary RNA-Binding Protein
              FUS/*chemistry/*genetics/metabolism;fuckoff.txt;NICD\_.txt"
}

@ARTICLE{Muller-Spath2010-oy,
  title    = "Charge interactions can dominate the dimensions of intrinsically
              disordered proteins",
  author   = "M{\"u}ller-Sp{\"a}th, Sonja and Soranno, Andrea and Hirschfeld,
              Verena and Hofmann, Hagen and R{\"u}egger, Stefan and Reymond,
              Luc and Nettels, Daniel and Schuler, Benjamin",
  journal  = "Proc. Natl. Acad. Sci. U. S. A.",
  volume   =  107,
  number   =  33,
  pages    = "14609-14614",
  month    =  aug,
  year     =  2010,
  keywords = "main.txt",
  language = "en"
}

@ARTICLE{Martin2016-uy,
  title    = "Sequence Determinants of the Conformational Properties of an
              Intrinsically Disordered Protein Prior to and upon Multisite
              Phosphorylation",
  author   = "Martin, Erik W and Holehouse, Alex S and Grace, Christy R and
              Hughes, Alex and Pappu, Rohit V and Mittag, Tanja",
  journal  = "J. Am. Chem. Soc.",
  volume   =  138,
  number   =  47,
  pages    = "15323-15335",
  month    =  nov,
  year     =  2016,
  language = "en"
}

@ARTICLE{Abraham2015-ea,
  title     = "{GROMACS}: High performance molecular simulations through
               multi-level parallelism from laptops to supercomputers",
  author    = "Abraham, Mark James and Murtola, Teemu and Schulz, Roland and
               P{\'a}ll, Szil{\'a}rd and Smith, Jeremy C and Hess, Berk and
               Lindahl, Erik",
  journal   = "SoftwareX",
  publisher = "Elsevier",
  volume    = "1--2",
  pages     = "19-25",
  year      =  2015,
  keywords  = "Molecular dynamics; GPU; SIMD; Free energy"
}

@ARTICLE{Peskett2018-fw,
  title    = "A Liquid to Solid Phase Transition Underlying Pathological
              Huntingtin Exon1 Aggregation",
  author   = "Peskett, Thomas R and Rau, Fr{\'e}d{\'e}rique and O'Driscoll,
              Jonathan and Patani, Rickie and Lowe, Alan R and Saibil, Helen R",
  journal  = "Mol. Cell",
  volume   =  70,
  number   =  4,
  pages    = "588-601.e6",
  month    =  may,
  year     =  2018,
  keywords = "aggregation; electron tomography; fluorescence microscopy;
              huntingtin exon1; phase transition; polyQ",
  language = "en"
}

@ARTICLE{Bieler2012-nm,
  title    = "Connecting macroscopic observables and microscopic assembly
              events in amyloid formation using coarse grained simulations",
  author   = "Bieler, Noah S and Knowles, Tuomas P J and Frenkel, Daan and
              V{\'a}cha, Robert",
  journal  = "PLoS Comput. Biol.",
  volume   =  8,
  number   =  10,
  pages    = "e1002692",
  month    =  oct,
  year     =  2012,
  language = "en"
}

@ARTICLE{Sherry2017-sr,
  title    = "Control of transcriptional activity by design of charge
              patterning in the intrinsically disordered {RAM} region of the
              Notch receptor",
  author   = "Sherry, Kathryn P and Das, Rahul K and Pappu, Rohit V and
              Barrick, Doug",
  journal  = "Proc. Natl. Acad. Sci. U. S. A.",
  volume   =  114,
  number   =  44,
  pages    = "E9243-E9252",
  month    =  oct,
  year     =  2017,
  keywords = "Notch signaling; ankyrin repeats; intrinsically disordered
              proteins; sequence design; transcriptional activation",
  language = "en"
}

@ARTICLE{Zheng2018-ej,
  title    = "Inferring properties of disordered chains from {FRET} transfer
              efficiencies",
  author   = "Zheng, Wenwei and Zerze, G{\"u}l H and Borgia, Alessandro and
              Mittal, Jeetain and Schuler, Benjamin and Best, Robert B",
  journal  = "J. Chem. Phys.",
  volume   =  148,
  number   =  12,
  pages    = "123329",
  month    =  mar,
  year     =  2018,
  language = "en"
}

@ARTICLE{Riback2020-tw,
  title    = "Composition-dependent thermodynamics of intracellular phase
              separation",
  author   = "Riback, Joshua A and Zhu, Lian and Ferrolino, Mylene C and
              Tolbert, Michele and Mitrea, Diana M and Sanders, David W and
              Wei, Ming-Tzo and Kriwacki, Richard W and Brangwynne, Clifford P",
  journal  = "Nature",
  volume   =  581,
  number   =  7807,
  pages    = "209-214",
  month    =  may,
  year     =  2020,
  language = "en"
}

@ARTICLE{Chung2015-uh,
  title    = "Structural origin of slow diffusion in protein folding",
  author   = "Chung, Hoi Sung and Piana-Agostinetti, Stefano and Shaw, David E
              and Eaton, William A",
  journal  = "Science",
  volume   =  349,
  number   =  6255,
  pages    = "1504-1510",
  month    =  sep,
  year     =  2015,
  keywords = "NTL9\_main.txt"
}
