@article{cabrera2014lithium,
  title={Lithium protects against glucocorticoid induced neural progenitor cell apoptosis in the developing cerebellum},
  author={Cabrera, Omar and Dougherty, Joseph and Singh, Sukrit and Swiney, Brant S and Farber, Nuri B and Noguchi, Kevin K},
  journal={Brain research},
  volume={1545},
  pages={54--63},
  year={2014},
  publisher={Elsevier}
}

@article{singh2014synthesis,
  title={Synthesis of Amide Bond Nitroxide for Determination of Intermolecular Distances in HIV Initiation},
  author={Singh, Sukrit},
  year={2014}
}

@article{nelson2015structural,
  title={Structural conservation and functional diversity of the poxvirus immune evasion (PIE) domain superfamily},
  author={Nelson, Christopher A and Epperson, Megan L and Singh, Sukrit and Elliott, Jabari I and Fremont, Daved H},
  journal={Viruses},
  volume={7},
  number={9},
  pages={4873--4893},
  year={2015},
  publisher={Multidisciplinary Digital Publishing Institute}
}

@article{o2017dexmedetomidine,
  title={Dexmedetomidine protects against glucocorticoid induced progenitor cell apoptosis in neonatal mouse cerebellum},
  author={O’Connor, Shawn David and Cabrera, Omar Hose{\'a} and Dougherty, Joseph D and Singh, Sukrit and Swiney, Brant Stephen and Salinas-Contreras, Patricia and Farber, Nuri Bradford and Noguchi, Kevin Kiyoshi},
  journal={The Journal of Maternal-Fetal \& Neonatal Medicine},
  volume={30},
  number={18},
  pages={2156--2162},
  year={2017},
  publisher={Taylor \& Francis}
}

@article{brosey2016defining,
  title={Defining NADH-Driven Allostery Regulating Apoptosis-Inducing Factor},
  author={Brosey, Chris A and Ho, Chris and Long, Winnie Z and Singh, Sukrit and Burnett, Kathryn and Hura, Greg L and Nix, Jay C and Bowman, Gregory R and Ellenberger, Tom and Tainer, John A},
  journal={Structure},
  volume={24},
  number={12},
  pages={2067--2079},
  year={2016},
  publisher={Cell Press}
}

@article{cascella2017small,
  title={The small molecule JIB-04 disrupts O 2 binding in the Fe-dependent histone demethylase KDM4A/JMJD2A},
  author={Cascella, Barbara and Lee, Soon Goo and Singh, Sukrit and Jez, Joseph M and Mirica, Liviu M},
  journal={Chemical Communications},
  volume={53},
  number={13},
  pages={2174--2177},
  year={2017},
  publisher={Royal Society of Chemistry}
}

@article{singh2017quantifying,
  title={Quantifying allosteric communication via both concerted structural changes and conformational disorder with CARDS},
  author={Singh, Sukrit and Bowman, Gregory R},
  journal={Journal of Chemical Theory and Computation},
  volume={13},
  number={4},
  pages={1509--1517},
  year={2017},
  publisher={American Chemical Society}
}

@article{patrick2018mechanistic,
  title={Mechanistic Basis for ATP-Dependent Inhibition of Glutamine Synthetase by Tabtoxinine-$\beta$-lactam},
  author={Patrick, Garrett J and Fang, Luting and Schaefer, Jacob and Singh, Sukrit and Bowman, Gregory R and Wencewicz, Timothy A},
  journal={Biochemistry},
  volume={57},
  number={1},
  pages={117--135},
  year={2018},
  publisher={American Chemical Society}
}

@article{reddy2018design,
  title={Design, synthesis, and biological evaluation of stable $\beta$6. 3-Helices: Discovery of non-hemolytic antibacterial peptides},
  author={Reddy, Damodara N and Singh, Sukrit and Ho, Chris MW and Patel, Janki and Schlesinger, Paul and Rodgers, Stephen and Doctor, Allan and Marshall, Garland R},
  journal={European journal of medicinal chemistry},
  volume={149},
  pages={193--210},
  year={2018},
  publisher={Elsevier Masson}
}

@article{sun2018simulation,
  title={Simulation of spontaneous G protein activation reveals a new intermediate driving GDP unbinding},
  author={Sun, Xianqiang and Singh, Sukrit and Blumer, Kendall J and Bowman, Gregory R},
  journal={eLife},
  volume={7},
  pages={e38465},
  year={2018}
}

@article{brown2020antagonism,
  title={Antagonism between substitutions in $\beta$-lactamase explains a path not taken in the evolution of bacterial drug resistance},
  author={Brown, Cameron A and Hu, Liya and Sun, Zhizeng and Patel, Meha P and Singh, Sukrit and Porter, Justin R and Sankaran, Banumathi and Prasad, BV Venkataram and Bowman, Gregory R and Palzkill, Timothy},
  journal={Journal of Biological Chemistry},
  volume={295},
  number={21},
  pages={7376--7390},
  year={2020},
  publisher={Elsevier}
}

@article{cubuk2021sars,
  title={The SARS-CoV-2 nucleocapsid protein is dynamic, disordered, and phase separates with RNA},
  author={Cubuk, Jasmine and Alston, Jhullian J and Incicco, J Jerem{\'\i}as and Singh, Sukrit and Stuchell-Brereton, Melissa D and Ward, Michael D and Zimmerman, Maxwell I and Vithani, Neha and Griffith, Daniel and Wagoner, Jason A and others},
  journal={Nature Communications},
  volume={12},
  number={1},
  pages={1--17},
  year={2021},
  publisher={Nature Publishing Group}
}

@article{vithani2021sars,
  title={SARS-CoV-2 Nsp16 activation mechanism and a cryptic pocket with pan-coronavirus antiviral potential},
  author={Vithani, Neha and Ward, Michael D and Zimmerman, Maxwell I and Novak, Borna and Borowsky, Jonathan H and Singh, Sukrit and Bowman, Gregory R},
  journal={Biophysical Journal},
  volume={120},
  number={14},
  pages={2880--2889},
  year={2021},
  publisher={Cell Press}
}

@article{zimmerman2021sars,
  title={SARS-CoV-2 simulations go exascale to predict dramatic spike opening and cryptic pockets across the proteome},
  author={Zimmerman, Maxwell I and Porter, Justin R and Ward, Michael D and Singh, Sukrit and Vithani, Neha and Meller, Artur and Mallimadugula, Upasana L and Kuhn, Catherine E and Borowsky, Jonathan H and Wiewiora, Rafal P and others},
  journal={Nature chemistry},
  volume={13},
  number={7},
  pages={651--659},
  year={2021},
  publisher={Nature Publishing Group}
}

@phdthesis{singh2020understanding,
  title={Understanding and Exploiting Protein Allostery and Dynamics Using Molecular Simulations},
  author={Singh, Sukrit},
  year={2020},
  school={Washington University in St. Louis}
}

@article{cruz2021cryptic,
  title={A cryptic pocket in Ebola VP35 allosterically controls RNA binding},
  author={Cruz, Matthew A and Frederick, Thomas E and Mallimadugula, Upasana and Singh, Sukrit and Vithani, Neha and Zimmerman, Maxwell I and Porter, Justin R and Moeder, Katelyn E and Amarasinghe, Gaya K and Bowman, Gregory R},
  journal={Nature Communications},
  volume={13},
  number={2269},
  year={2021}
}

@article{knoverek2021opening,
  title={Opening of a cryptic pocket in $\beta$-lactamase increases penicillinase activity},
  author={Knoverek, CR and Mallimadugula, UL and Singh, S and Renella, E and Frederick, TE and Yuwen, T and Raavicharla, S and Kay, LE and Bowman, GR},
  journal={Proceedings of the National Academy of Sciences},
  volume={118},
  number={47},
  year={2021}
}

@article{zhang2023identifying,
  title={Identifying and overcoming the sampling challenges in relative binding free energy calculations of a model protein: protein complex},
  author={Zhang, Ivy and Rufa, Dominic A and Pulido, Iv{\'a}n and Henry, Michael M and Rosen, Laura E and Hauser, Kevin and Singh, Sukrit and Chodera, John D},
  journal={J. Chem. Theory Comput.},
  pages={19--15},
  year={2023}
}

@article{perner2023men1,
  title={MEN1 mutations mediate clinical resistance to menin inhibition},
  author={Perner, Florian and Stein, Eytan M and Wenge, Daniela V and Singh, Sukrit and Kim, Jeonghyeon and Apazidis, Athina and Rahnamoun, Homa and Anand, Disha and Marinaccio, Christian and Hatton, Charlie and others},
  journal={Nature},
  volume={615},
  number={7954},
  pages={913--919},
  year={2023},
  publisher={Nature Publishing Group UK London}
}

@article{boby2023open,
  title={Open science discovery of potent noncovalent SARS-CoV-2 main protease inhibitors},
  author={Boby, Melissa L and Fearon, Daren and Ferla, Matteo and Filep, Mihajlo and Koekemoer, Lizb{\'e} and Robinson, Matthew C and COVID Moonshot Consortium‡ and Chodera, John D and Lee, Alpha A and London, Nir and others},
  journal={Science},
  volume={382},
  number={6671},
  pages={eabo7201},
  year={2023},
  publisher={American Association for the Advancement of Science}
}


@article{eastman2023openmm,
  title={Openmm 8: Molecular dynamics simulation with machine learning potentials},
  author={Eastman, Peter and Galvelis, Raimondas and Pel{\'a}ez, Ra{\'u}l P and Abreu, Charlles RA and Farr, Stephen E and Gallicchio, Emilio and Gorenko, Anton and Henry, Michael M and Hu, Frank and Huang, Jing and others},
  journal={The Journal of Physical Chemistry B},
  volume={128},
  number={1},
  pages={109--116},
  year={2023},
  publisher={ACS Publications}
}

@article{outhwaite2024death,
  title={Death by a thousand cuts through kinase inhibitor combinations that maximize selectivity and enable rational multitargeting},
  author={Outhwaite, Ian R and Singh, Sukrit and Berger, Benedict-Tilman and Knapp, Stefan and Chodera, John D and Seeliger, Markus A},
  journal={Elife},
  volume={12},
  pages={e86189},
  year={2024},
  publisher={eLife Sciences Publications, Ltd}
}

@article{nigam2024application,
  title={Application of Established Computational Techniques to Identify Potential SARS-CoV-2 Nsp14-MTase Inhibitors in Low Data Regimes},
  author={Nigam, AkshatKumar and Hurley, Matthew FD and Lu, Fengling and Konkol'ov{\'a}, Eva and Klima, Martin and Tryl{\v{c}}ov{\'a}, Jana and Pollice, Robert and Cinaroglu, Suleyman Selim and Levin-Konigsberg, Roni and Handjaya, Jasemine and others},
  journal={Digital Discovery},
  year={2024},
  publisher={Royal Society of Chemistry}
}

@article{vithani2024g,
  title={G protein activation occurs via a largely universal mechanism},
  author={Vithani, Neha and Todd, Tyson D and Singh, Sukrit and Trent, Tony and Blumer, Kendall J and Bowman, Gregory R},
  journal={The Journal of Physical Chemistry B},
  volume={128},
  number={15},
  pages={3554--3562},
  year={2024},
  publisher={American Chemical Society}
}

