% Generated by Paperpile. Check out https://paperpile.com for more information.
% BibTeX export options can be customized via Settings -> BibTeX.

@ARTICLE{Fichthorn1991-wl,
  title     = "Theoretical foundations of dynamical Monte Carlo simulations",
  author    = "Fichthorn, Kristen A and Weinberg, W H",
  journal   = "J. Chem. Phys.",
  publisher = "American Institute of Physics",
  volume    =  95,
  number    =  2,
  pages     = "1090-1096",
  month     =  jul,
  year      =  1991
}

@ARTICLE{Boeynaems2019-ja,
  title    = "Spontaneous driving forces give rise to {protein-RNA} condensates
              with coexisting phases and complex material properties",
  author   = "Boeynaems, Steven and Holehouse, Alex S and Weinhardt, Venera and
              Kovacs, Denes and Van Lindt, Joris and Larabell, Carolyn and Van
              Den Bosch, Ludo and Das, Rhiju and Tompa, Peter S and Pappu,
              Rohit V and Gitler, Aaron D",
  journal  = "Proc. Natl. Acad. Sci. U. S. A.",
  volume   =  116,
  number   =  16,
  pages    = "7889-7898",
  month    =  apr,
  year     =  2019,
  keywords = "RNA; biomolecular condensates; complex coacervation;
              intrinsically disordered proteins; phase transitions",
  language = "en"
}

@ARTICLE{Meng2013-qi,
  title    = "Experiments and simulations show how long-range contacts can form
              in expanded unfolded proteins with negligible secondary structure",
  author   = "Meng, Wenli and Lyle, Nicholas and Luan, Bowu and Raleigh, Daniel
              P and Pappu, Rohit V",
  journal  = "Proc. Natl. Acad. Sci. U. S. A.",
  volume   =  110,
  number   =  6,
  pages    = "2123-2128",
  month    =  feb,
  year     =  2013,
  keywords = "Amino Acid Sequence Bacterial Proteins/*chemistry/genetics
              Biophysical Phenomena Models, Molecular Molecular Sequence Data
              Nuclear Magnetic Resonance, Biomolecular Protein Conformation
              Protein Denaturation Protein Structure, Secondary *Protein
              Unfolding Ribosomal Proteins/*chemistry/genetics Scattering,
              Small Angle Sequence Homology, Amino Acid Urea X-Ray
              Diffraction;main.txt;supple.txt;NTL9\_main.txt;SI\_library.txt;Pappulab"
}

@ARTICLE{Haenni2013-xz,
  title     = "Intramolecular distances and dynamics from the combined photon
               statistics of single-molecule {FRET} and photoinduced electron
               transfer",
  author    = "Haenni, Dominik and Zosel, Franziska and Reymond, Luc and
               Nettels, Daniel and Schuler, Benjamin",
  journal   = "J. Phys. Chem. B",
  publisher = "ACS Publications",
  volume    =  117,
  number    =  42,
  pages     = "13015-13028",
  month     =  oct,
  year      =  2013,
  language  = "en"
}

@ARTICLE{Takeda2008-wl,
  title     = "Solution structure of the c-terminal dimerization domain of
               {SARS} coronavirus nucleocapsid protein solved by the {SAIL-NMR}
               method",
  author    = "Takeda, Mitsuhiro and Chang, Chung-Ke and Ikeya, Teppei and
               G{\"u}ntert, Peter and Chang, Yuan-Hsiang and Hsu, Yen-Lan and
               Huang, Tai-Huang and Kainosho, Masatsune",
  journal   = "J. Mol. Biol.",
  publisher = "Elsevier",
  volume    =  380,
  number    =  4,
  pages     = "608-622",
  month     =  jul,
  year      =  2008,
  language  = "en"
}

@ARTICLE{Guex1997-xc,
  title     = "{SWISS-MODEL} and the {Swiss-Pdb} Viewer: an environment for
               comparative protein modeling",
  author    = "Guex, Nicolas and Peitsch, Manuel C",
  journal   = "Electrophoresis",
  publisher = "Wiley Online Library",
  volume    =  18,
  number    =  15,
  pages     = "2714-2723",
  year      =  1997
}

@ARTICLE{Porter2019-rm,
  title     = "Enspara: Modeling molecular ensembles with scalable data
               structures and parallel computing",
  author    = "Porter, J R and Zimmerman, M I and Bowman, G R",
  journal   = "J. Chem. Phys.",
  publisher = "aip.scitation.org",
  volume    =  150,
  number    =  4,
  pages     = "044108",
  month     =  jan,
  year      =  2019,
  language  = "en"
}

@ARTICLE{Zimmerman2018-xg,
  title    = "Choice of Adaptive Sampling Strategy Impacts State Discovery,
              Transition Probabilities, and the Apparent Mechanism of
              Conformational Changes",
  author   = "Zimmerman, Maxwell I and Porter, Justin R and Sun, Xianqiang and
              Silva, Roseane R and Bowman, Gregory R",
  journal  = "J. Chem. Theory Comput.",
  volume   =  14,
  number   =  11,
  pages    = "5459-5475",
  month    =  nov,
  year     =  2018,
  language = "en"
}

@ARTICLE{Nettels2007-lf,
  title    = "Ultrafast dynamics of protein collapse from single-molecule
              photon statistics",
  author   = "Nettels, Daniel and Gopich, Irina V and Hoffmann, Armin and
              Schuler, Benjamin",
  journal  = "Proc. Natl. Acad. Sci. U. S. A.",
  volume   =  104,
  number   =  8,
  pages    = "2655-2660",
  month    =  feb,
  year     =  2007,
  language = "en"
}

@ARTICLE{Bieler2012-nm,
  title    = "Connecting macroscopic observables and microscopic assembly
              events in amyloid formation using coarse grained simulations",
  author   = "Bieler, Noah S and Knowles, Tuomas P J and Frenkel, Daan and
              V{\'a}cha, Robert",
  journal  = "PLoS Comput. Biol.",
  volume   =  8,
  number   =  10,
  pages    = "e1002692",
  month    =  oct,
  year     =  2012,
  language = "en"
}

@ARTICLE{Sherry2017-sr,
  title    = "Control of transcriptional activity by design of charge
              patterning in the intrinsically disordered {RAM} region of the
              Notch receptor",
  author   = "Sherry, Kathryn P and Das, Rahul K and Pappu, Rohit V and
              Barrick, Doug",
  journal  = "Proc. Natl. Acad. Sci. U. S. A.",
  volume   =  114,
  number   =  44,
  pages    = "E9243-E9252",
  month    =  oct,
  year     =  2017,
  keywords = "Notch signaling; ankyrin repeats; intrinsically disordered
              proteins; sequence design; transcriptional activation",
  language = "en"
}

@ARTICLE{Schuler2002-hf,
  title     = "Probing the free-energy surface for protein folding with
               single-molecule fluorescence spectroscopy",
  author    = "Schuler, Benjamin and Lipman, Everett A and Eaton, William A",
  journal   = "Nature",
  publisher = "Macmillian Magazines Ltd.",
  volume    =  419,
  pages     = "743",
  month     =  oct,
  year      =  2002
}

@ARTICLE{Hess2008-gf,
  title    = "{P-LINCS}: A Parallel Linear Constraint Solver for Molecular
              Simulation",
  author   = "Hess, Berk",
  journal  = "J. Chem. Theory Comput.",
  volume   =  4,
  number   =  1,
  pages    = "116-122",
  month    =  jan,
  year     =  2008,
  language = "en"
}

@ARTICLE{Zimmerman2015-mf,
  title    = "{FAST} Conformational Searches by Balancing
              {Exploration/Exploitation} {Trade-Offs}",
  author   = "Zimmerman, Maxwell I and Bowman, Gregory R",
  journal  = "J. Chem. Theory Comput.",
  volume   =  11,
  number   =  12,
  pages    = "5747-5757",
  month    =  dec,
  year     =  2015,
  language = "en"
}

@ARTICLE{Holehouse2020-rl,
  title    = "Controlling Structural Bias in Intrinsically Disordered Proteins
              Using Solution Space Scanning",
  author   = "Holehouse, Alex S and Sukenik, Shahar",
  journal  = "J. Chem. Theory Comput.",
  volume   =  16,
  number   =  3,
  pages    = "1794-1805",
  month    =  mar,
  year     =  2020,
  language = "en"
}

@ARTICLE{Soranno2017-bi,
  title    = "Integrated view of internal friction in unfolded proteins from
              single-molecule {FRET}, contact quenching, theory, and
              simulations",
  author   = "Soranno, Andrea and Holla, Andrea and Dingfelder, Fabian and
              Nettels, Daniel and Makarov, Dmitrii E and Schuler, Benjamin",
  journal  = "Proc. Natl. Acad. Sci. U. S. A.",
  volume   =  114,
  number   =  10,
  pages    = "E1833-E1839",
  month    =  mar,
  year     =  2017,
  keywords = "PET quenching; Rouse model with internal friction; intrinsically
              disordered proteins; nanosecond FCS; single-molecule FRET",
  language = "en"
}

@ARTICLE{Peran2019-tu,
  title    = "Unfolded states under folding conditions accommodate
              sequence-specific conformational preferences with random
              coil-like dimensions",
  author   = "Peran, Ivan and Holehouse, Alex S and Carrico, Isaac S and Pappu,
              Rohit V and Bilsel, Osman and Raleigh, Daniel P",
  journal  = "Proc. Natl. Acad. Sci. U. S. A.",
  volume   =  116,
  number   =  25,
  pages    = "12301-12310",
  month    =  jun,
  year     =  2019,
  keywords = "FRET; compaction transition; protein folding; unfolded state",
  language = "en"
}

@ARTICLE{Dosztanyi2005-bo,
  title    = "{IUPred}: web server for the prediction of intrinsically
              unstructured regions of proteins based on estimated energy
              content",
  author   = "Doszt{\'a}nyi, Zsuzsanna and Csizmok, Veronika and Tompa, Peter
              and Simon, Istv{\'a}n",
  journal  = "Bioinformatics",
  volume   =  21,
  number   =  16,
  pages    = "3433-3434",
  month    =  aug,
  year     =  2005,
  keywords = "SI\_please.txt"
}

@ARTICLE{Bussi2007-ar,
  title    = "Canonical sampling through velocity rescaling",
  author   = "Bussi, Giovanni and Donadio, Davide and Parrinello, Michele",
  journal  = "J. Chem. Phys.",
  volume   =  126,
  number   =  1,
  pages    = "014101",
  month    =  jan,
  year     =  2007,
  keywords = "PAPER: Urea-GdmCl denaturation/Paper citations"
}

@ARTICLE{Saric2016-le,
  title     = "Physical determinants of the self-replication of protein fibrils",
  author    = "{\v S}ari{\'c}, An{\dj}ela and Buell, Alexander K and Meisl,
               Georg and Michaels, Thomas C T and Dobson, Christopher M and
               Linse, Sara and Knowles, Tuomas P J and Frenkel, Daan",
  journal   = "Nat. Phys.",
  publisher = "Nature Research",
  volume    =  12,
  number    =  9,
  pages     = "874-880",
  month     =  jul,
  year      =  2016,
  language  = "en"
}

@ARTICLE{Chung2016-fp,
  title    = "Analysis of Fluorescence Lifetime and Energy Transfer Efficiency
              in {Single-Molecule} Photon Trajectories of {Fast-Folding}
              Proteins",
  author   = "Chung, Hoi Sung and Louis, John M and Gopich, Irina V",
  journal  = "J. Phys. Chem. B",
  volume   =  120,
  number   =  4,
  pages    = "680-699",
  month    =  feb,
  year     =  2016,
  language = "en"
}

@ARTICLE{Feenstra1999-pl,
  title     = "Improving efficiency of large time-scale molecular dynamics
               simulations of hydrogen-rich systems",
  author    = "Feenstra, K Anton and Hess, Berk and Berendsen, Herman J C",
  journal   = "J. Comput. Chem.",
  publisher = "Wiley Online Library",
  volume    =  20,
  number    =  8,
  pages     = "786-798",
  year      =  1999
}

@ARTICLE{Nettels2008-jk,
  title    = "Unfolded protein and peptide dynamics investigated with
              single-molecule {FRET} and correlation spectroscopy from
              picoseconds to seconds",
  author   = "Nettels, Daniel and Hoffmann, Armin and Schuler, Benjamin",
  journal  = "J. Phys. Chem. B",
  volume   =  112,
  number   =  19,
  pages    = "6137-6146",
  month    =  may,
  year     =  2008,
  language = "en"
}

@MISC{Holehouse2019-cj,
  title  = "{PIMMS} (0.24 pre-beta)",
  author = "Holehouse, Alex S and Pappu, Rohit V",
  month  =  dec,
  year   =  2019
}

@ARTICLE{Pace1995-vt,
  title    = "How to measure and predict the molar absorption coefficient of a
              protein",
  author   = "Pace, C N and Vajdos, F and Fee, L and Grimsley, G and Gray, T",
  journal  = "Protein Sci.",
  volume   =  4,
  number   =  11,
  pages    = "2411-2423",
  month    =  nov,
  year     =  1995,
  language = "en"
}

@MISC{Holehouse2020-ez,
  title  = "protfasta",
  author = "Holehouse, Alex S",
  month  =  may,
  year   =  2020
}

% The entry below contains non-ASCII chars that could not be converted
% to a LaTeX equivalent.
@ARTICLE{Higgs1991-rl,
  title     = "Theory of polyampholyte solutions",
  author    = "Higgs, Paul G and Joanny, Jean‐fran{\c c}ois",
  journal   = "J. Chem. Phys.",
  publisher = "AIP Publishing",
  volume    =  94,
  number    =  2,
  pages     = "1543-1554",
  month     =  jan,
  year      =  1991,
  keywords  = "Theory and concepts/Polymers"
}

@MISC{Zinzula_L_Basquin_J_Nagy_I_Bracher_A_undated-ot,
  title        = "1.45 Angstrom Resolution Crystal Structure of C-terminal
                  Dimerization Domain of Nucleocapsid Phosphoprotein from
                  {SARS-CoV-2}",
  author       = "{Zinzula, L., Basquin, J., Nagy, I., Bracher, A.}",
  howpublished = "\url{https://www.rcsb.org/structure/6YUN}",
  note         = "Accessed: NA-NA-NA"
}

@ARTICLE{Jorgensen1983-lj,
  title     = "Comparison of simple potential functions for simulating liquid
               water",
  author    = "Jorgensen, William L and Chandrasekhar, Jayaraman and Madura,
               Jeffry D and Impey, Roger W and Klein, Michael L",
  journal   = "J. Chem. Phys.",
  publisher = "AIP Publishing",
  volume    =  79,
  number    =  2,
  pages     = "926-935",
  month     =  jul,
  year      =  1983,
  keywords  = "main.txt;PAPER: Urea-GdmCl denaturation/Paper citations"
}

@ARTICLE{Zinzula2020-mi,
  title   = "1.45 Angstrom Resolution Crystal Structure of C-terminal
             Dimerization Domain of Nucleocapsid Phosphoprotein from
             {SARS-CoV-2} ({PDB}: {6YUN})",
  author  = "Zinzula, Luca and Nagy, Massimiliano Orsini and Bracher, Andreas",
  journal = "Protein Data Bank",
  month   =  may,
  year    =  2020
}

@ARTICLE{Duan2003-wt,
  title    = "A point-charge force field for molecular mechanics simulations of
              proteins based on condensed-phase quantum mechanical calculations",
  author   = "Duan, Yong and Wu, Chun and Chowdhury, Shibasish and Lee, Mathew
              C and Xiong, Guoming and Zhang, Wei and Yang, Rong and Cieplak,
              Piotr and Luo, Ray and Lee, Taisung and Caldwell, James and Wang,
              Junmei and Kollman, Peter",
  journal  = "J. Comput. Chem.",
  volume   =  24,
  number   =  16,
  pages    = "1999-2012",
  month    =  dec,
  year     =  2003,
  language = "en"
}

@ARTICLE{Hoffmann2007-bm,
  title   = "Mapping protein collapse with single-molecule fluorescence and
             kinetic synchrotron radiation circular dichroism spectroscopy",
  author  = "Hoffmann, Armin and Kane, Avinash and Nettels, Daniel and Hertzog,
             David E and Baumg{\"a}rtel, Peter and Lengefeld, Jan and
             Reichardt, Gerd and Horsley, David A and Seckler, Robert and
             Bakajin, Olgica and Schuler, Benjamin",
  journal = "Proceedings of the National Academy of Sciences",
  volume  =  104,
  number  =  1,
  pages   = "105-110",
  month   =  jan,
  year    =  2007
}

@BOOK{Schafer2012-bh,
  title     = "Excluded Volume Effects in Polymer Solutions: as Explained by
               the Renormalization Group",
  author    = "Sch{\"a}fer, Lothar",
  publisher = "Springer Science \& Business Media",
  month     =  dec,
  year      =  2012,
  language  = "en"
}

@ARTICLE{McGibbon2015-ss,
  title     = "{MDTraj}: a modern, open library for the analysis of molecular
               dynamics trajectories",
  author    = "McGibbon, Robert T and Beauchamp, Kyle A and Harrigan, Matthew P
               and Klein, Christoph and Swails, Jason M and Hern{\'a}ndez,
               Carlos X and Schwantes, Christian R and Wang, Lee-Ping and Lane,
               Thomas J and Pande, Vijay S",
  journal   = "Biophys. J.",
  publisher = "Cold Spring Harbor Labs Journals",
  volume    =  109,
  number    =  8,
  pages     = "1528-1532",
  month     =  oct,
  year      =  2015,
  keywords  = "SI\_please.txt;Main\_library.txt"
}

@ARTICLE{Vitalis2009-gh,
  title    = "{ABSINTH}: A new continuum solvation model for simulations of
              polypeptides in aqueous solutions",
  author   = "Vitalis, Andreas and Pappu, Rohit V",
  journal  = "J. Comput. Chem.",
  volume   =  30,
  number   =  5,
  pages    = "673-699",
  month    =  apr,
  year     =  2009,
  keywords = "Computer Simulation *Models, Chemical Monte Carlo Method Nuclear
              Magnetic Resonance, Biomolecular Peptides/*chemistry Protein
              Conformation Protein Folding
              Solutions;SI\_please.txt;main.txt;Main\_library.txt;NICD\_.txt;Pappulab;Thesis
              proposal/METHODS;Thesis proposal/ALL;fuckoff.txt"
}

@ARTICLE{Zimmerman2017-wn,
  title    = "Prediction of New Stabilizing Mutations Based on Mechanistic
              Insights from Markov State Models",
  author   = "Zimmerman, Maxwell I and Hart, Kathryn M and Sibbald, Carrie A
              and Frederick, Thomas E and Jimah, John R and Knoverek, Catherine
              R and Tolia, Niraj H and Bowman, Gregory R",
  journal  = "ACS Cent Sci",
  volume   =  3,
  number   =  12,
  pages    = "1311-1321",
  month    =  dec,
  year     =  2017,
  language = "en"
}

@ARTICLE{Holehouse2017-sx,
  title     = "{CIDER}: Resources to Analyze {Sequence-Ensemble} Relationships
               of Intrinsically Disordered Proteins",
  author    = "Holehouse, Alex S and Das, Rahul K and Ahad, James N and
               Richardson, Mary O G and Pappu, Rohit V",
  journal   = "Biophys. J.",
  publisher = "Elsevier",
  volume    =  112,
  number    =  1,
  pages     = "16-21",
  month     =  jan,
  year      =  2017,
  keywords  = "SI\_please.txt",
  language  = "en"
}

@ARTICLE{Muller2005-ro,
  title    = "Pulsed interleaved excitation",
  author   = "M{\"u}ller, Barbara K and Zaychikov, Evgeny and Br{\"a}uchle,
              Christoph and Lamb, Don C",
  journal  = "Biophys. J.",
  volume   =  89,
  number   =  5,
  pages    = "3508-3522",
  month    =  nov,
  year     =  2005,
  language = "en"
}

@ARTICLE{Holehouse2015-rg,
  title    = "Quantitative assessments of the distinct contributions of
              polypeptide backbone amides versus side chain groups to chain
              expansion via chemical denaturation",
  author   = "Holehouse, Alex S and Garai, Kanchan and Lyle, Nicholas and
              Vitalis, Andreas and Pappu, Rohit V",
  journal  = "J. Am. Chem. Soc.",
  volume   =  137,
  number   =  8,
  pages    = "2984-2995",
  month    =  mar,
  year     =  2015,
  keywords = "Amides/*chemistry Amino Acid Sequence Dose-Response Relationship,
              Drug Guanidine/pharmacology Hydrophobic and Hydrophilic
              Interactions Molecular Dynamics Simulation Molecular Sequence
              Data Peptides/*chemistry Protein Denaturation/*drug effects
              Protein Structure, Secondary Urea/pharmacology
              Water/chemistry;supple.txt;NTL9\_main.txt;Main\_library.txt",
  language = "en"
}

@ARTICLE{Aznauryan2016-bp,
  title    = "Comprehensive structural and dynamical view of an unfolded
              protein from the combination of single-molecule {FRET}, {NMR},
              and {SAXS}",
  author   = "Aznauryan, Mikayel and Delgado, Leonildo and Soranno, Andrea and
              Nettels, Daniel and Huang, Jie-Rong and Labhardt, Alexander M and
              Grzesiek, Stephan and Schuler, Benjamin",
  journal  = "Proc. Natl. Acad. Sci. U. S. A.",
  volume   =  113,
  number   =  37,
  pages    = "E5389-98",
  month    =  sep,
  year     =  2016,
  keywords = "F{\"o}rster resonance energy transfer; nuclear magnetic
              resonance; protein folding; small-angle X-ray scattering;
              unfolded protein ensemble;NTL9\_main.txt",
  language = "en"
}

@ARTICLE{Muller-Spath2010-oy,
  title    = "Charge interactions can dominate the dimensions of intrinsically
              disordered proteins",
  author   = "M{\"u}ller-Sp{\"a}th, Sonja and Soranno, Andrea and Hirschfeld,
              Verena and Hofmann, Hagen and R{\"u}egger, Stefan and Reymond,
              Luc and Nettels, Daniel and Schuler, Benjamin",
  journal  = "Proc. Natl. Acad. Sci. U. S. A.",
  volume   =  107,
  number   =  33,
  pages    = "14609-14614",
  month    =  aug,
  year     =  2010,
  keywords = "main.txt",
  language = "en"
}

@ARTICLE{Abraham2015-ea,
  title     = "{GROMACS}: High performance molecular simulations through
               multi-level parallelism from laptops to supercomputers",
  author    = "Abraham, Mark James and Murtola, Teemu and Schulz, Roland and
               P{\'a}ll, Szil{\'a}rd and Smith, Jeremy C and Hess, Berk and
               Lindahl, Erik",
  journal   = "SoftwareX",
  publisher = "Elsevier",
  volume    = "1--2",
  pages     = "19-25",
  year      =  2015,
  keywords  = "Molecular dynamics; GPU; SIMD; Free energy"
}

@ARTICLE{Zheng2018-ej,
  title    = "Inferring properties of disordered chains from {FRET} transfer
              efficiencies",
  author   = "Zheng, Wenwei and Zerze, G{\"u}l H and Borgia, Alessandro and
              Mittal, Jeetain and Schuler, Benjamin and Best, Robert B",
  journal  = "J. Chem. Phys.",
  volume   =  148,
  number   =  12,
  pages    = "123329",
  month    =  mar,
  year     =  2018,
  language = "en"
}

@BOOK{Rubinstein2003-fa,
  title     = "Polymer Physics",
  author    = "Rubinstein, M and Colby, Ralph H",
  publisher = "Oxford University Press",
  year      =  2003,
  address   = "New York",
  keywords  = "SI\_please.txt;fuckoff.txt;main.txt"
}

@ARTICLE{Schuler2012-ed,
  title    = "Application of confocal single-molecule {FRET} to intrinsically
              disordered proteins",
  author   = "Schuler, Benjamin and M{\"u}ller-Sp{\"a}th, Sonja and Soranno,
              Andrea and Nettels, Daniel",
  journal  = "Methods Mol. Biol.",
  volume   =  896,
  pages    = "21-45",
  year     =  2012,
  language = "en"
}

@ARTICLE{Michelson1959-vc,
  title     = "270. Polynucleotides. Part I. Synthesis and properties of some
               polyribonucleotides",
  author    = "Michelson, A M",
  journal   = "J. Chem. Soc.",
  publisher = "The Royal Society of Chemistry",
  number    =  0,
  pages     = "1371-1394",
  month     =  jan,
  year      =  1959,
  language  = "en"
}

@ARTICLE{Martin2020-yc,
  title     = "Valence and patterning of aromatic residues determine the phase
               behavior of prion-like domains",
  author    = "Martin, Erik W and Holehouse, Alex S and Peran, Ivan and Farag,
               Mina and Incicco, J Jeremias and Bremer, Anne and Grace, Christy
               R and Soranno, Andrea and Pappu, Rohit V and Mittag, Tanja",
  journal   = "Science",
  publisher = "American Association for the Advancement of Science",
  volume    =  367,
  number    =  6478,
  pages     = "694-699",
  month     =  feb,
  year      =  2020,
  language  = "en"
}

@ARTICLE{Chang2009-vd,
  title     = "Multiple nucleic acid binding sites and intrinsic disorder of
               severe acute respiratory syndrome coronavirus nucleocapsid
               protein: implications for ribonucleocapsid protein packaging",
  author    = "Chang, Chung-Ke and Hsu, Yen-Lan and Chang, Yuan-Hsiang and
               Chao, Fa-An and Wu, Ming-Chya and Huang, Yu-Shan and Hu,
               Chin-Kun and Huang, Tai-Huang",
  journal   = "J. Virol.",
  publisher = "Am Soc Microbiol",
  volume    =  83,
  number    =  5,
  pages     = "2255-2264",
  month     =  mar,
  year      =  2009,
  language  = "en"
}

@ARTICLE{Zeng2020-cw,
  title    = "Biochemical characterization of {SARS-CoV-2} nucleocapsid protein",
  author   = "Zeng, Weihong and Liu, Guangfeng and Ma, Huan and Zhao, Dan and
              Yang, Yunru and Liu, Muziying and Mohammed, Ahmed and Zhao,
              Changcheng and Yang, Yun and Xie, Jiajia and Ding, Chengchao and
              Ma, Xiaoling and Weng, Jianping and Gao, Yong and He, Hongliang
              and Jin, Tengchuan",
  journal  = "Biochem. Biophys. Res. Commun.",
  volume   =  527,
  number   =  3,
  pages    = "618-623",
  month    =  jun,
  year     =  2020,
  keywords = "Antigenicity; COVID-19; Nucleocapsid protein; SARS-CoV-2; SAXS;
              Structure and function",
  language = "en"
}

@ARTICLE{Shirts2000-xv,
  title     = "Screen Savers of the World Unite!",
  author    = "Shirts, Michael and Pande, Vijay S",
  journal   = "Science",
  publisher = "American Association for the Advancement of Science",
  volume    =  290,
  number    =  5498,
  pages     = "1903-1904",
  month     =  dec,
  year      =  2000,
  language  = "en"
}

@ARTICLE{Gopich2009-ow,
  title    = "Protein dynamics from single-molecule fluorescence intensity
              correlation functions",
  author   = "Gopich, Irina V and Nettels, Daniel and Schuler, Benjamin and
              Szabo, Attila",
  journal  = "J. Chem. Phys.",
  volume   =  131,
  number   =  9,
  pages    = "095102",
  month    =  sep,
  year     =  2009,
  language = "en"
}

@ARTICLE{Sauer2014-ux,
  title     = "{PET-FCS}: probing rapid structural fluctuations of proteins and
               nucleic acids by single-molecule fluorescence quenching",
  author    = "Sauer, Markus and Neuweiler, Hannes",
  journal   = "Methods Mol. Biol.",
  publisher = "Springer",
  volume    =  1076,
  pages     = "597-615",
  year      =  2014,
  language  = "en"
}

@ARTICLE{Soranno2012-jn,
  title    = "Quantifying internal friction in unfolded and intrinsically
              disordered proteins with single-molecule spectroscopy",
  author   = "Soranno, Andrea and Buchli, Brigitte and Nettels, Daniel and
              Cheng, Ryan R and M{\"u}ller-Sp{\"a}th, Sonja and Pfeil, Shawn H
              and Hoffmann, Armin and Lipman, Everett A and Makarov, Dmitrii E
              and Schuler, Benjamin",
  journal  = "Proc. Natl. Acad. Sci. U. S. A.",
  volume   =  109,
  number   =  44,
  pages    = "17800-17806",
  month    =  oct,
  year     =  2012,
  keywords = "IDPs;Theory and concepts/Structure and dynamics;IDPs;IDPs/Single
              molecule;Theory and concepts/Internal Friction and Frustration"
}

@ARTICLE{Das2016-ri,
  title    = "Cryptic sequence features within the disordered protein p27Kip1
              regulate cell cycle signaling",
  author   = "Das, Rahul K and Huang, Yongqi and Phillips, Aaron H and
              Kriwacki, Richard W and Pappu, Rohit V",
  journal  = "Proc. Natl. Acad. Sci. U. S. A.",
  volume   =  113,
  number   =  20,
  pages    = "5616-5621",
  month    =  may,
  year     =  2016,
  keywords = "disordered regions; motif; p27",
  language = "en"
}

@ARTICLE{Ortega2018-oa,
  title    = "Transcription factor dimerization activates the p300
              acetyltransferase",
  author   = "Ortega, Esther and Rengachari, Srinivasan and Ibrahim, Ziad and
              Hoghoughi, Naghmeh and Gaucher, Jonathan and Holehouse, Alex S
              and Khochbin, Saadi and Panne, Daniel",
  journal  = "Nature",
  volume   =  562,
  number   =  7728,
  pages    = "538-544",
  month    =  oct,
  year     =  2018,
  language = "en"
}
